2037 3619
992 371 1045 412 53

350 505 404 548 ad
422 504 720 563 repetitionem
739 506 795 549 ab
809 505 1026 562 Troianis,
1049 519 1274 568 postquam
1291 517 1532 568 expugnata
1552 518 1659 551 esset

347 579 471 630 ιιι-δε,
505 579 778 637 pertinuerit,
812 597 866 625 an
899 582 1136 642 Sophocles
1170 598 1342 643 quoque
1382 581 1627 626 Menelaum
1644 616 1657 638 ,

347 669 437 697 non
469 654 683 700 inventam
711 657 868 701 Troiae
905 658 1117 702 Helenam
1154 659 1200 701 in
1229 660 1429 718 Aegypto
1460 668 1656 718 repeten-

344 739 432 772 tem
465 729 657 776 fecerit.”
725 733 848 776 Hanc
876 734 1132 777 sententiam
1165 734 1383 793 amplexus
1410 741 1473 778 est
1503 733 1656 777 Schfil-
1685 752 1687 754 ·

346 802 425 846 lius
441 816 456 863 (
466 804 518 865 1),
533 805 649 849 idem
662 806 791 850 fuisse
809 808 934 850 huius
954 807 1144 850 Fabulae
1163 818 1457 868 argumentum
1475 822 1653 852 censens

346 889 471 938 atque
491 881 681 924 Helenae
702 882 973 941 Euripideae.
1036 884 1263 942 Impugnat
1282 899 1356 926 eos
1377 883 1649 938 Welckerus‚

343 953 402 997 ita
432 964 601 1012 tamen,
643 966 690 999 ut
716 971 837 1000 suam
864 957 1019 1018 ipsius,
1054 972 1181 1016 quam
1210 967 1335 1000 antea
1361 954 1613 1017 prodiderat
1631 989 1644 1013 ,

341 1030 631 1074 coniecturam
651 1033 807 1075 iterum
827 1033 992 1075 reiiciat
1010 1031 1089 1091 (2).
1125 1060 1179 1067 --
1212 1031 1421 1091 Equidem
1439 1032 1512 1075 vix
1531 1033 1647 1087 scio,

340 1119 425 1162 quo
447 1119 516 1149 me
543 1116 729 1162 vertam,
763 1106 994 1165 trahorque
1022 1109 1067 1150 in
1101 1106 1285 1150 diversas
1314 1113 1479 1166 partes,
1509 1122 1648 1165 neque

338 1177 449 1221 hanc
467 1180 758 1237 quaestionem
778 1181 823 1223 in
844 1191 962 1222 tanta
989 1190 1180 1223 veterum
1206 1168 1550 1223 testimoniorum
1576 1196 1649 1239 pe-

339 1252 456 1295 nuria
488 1252 614 1297 facile
644 1253 875 1297 diremtum
910 1253 964 1296 iri
1000 1253 1211 1297 arbitror:
1252 1253 1492 1313 fragmenta
1527 1254 1644 1296 enim

338 1327 460 1370 huius
477 1327 665 1371 Fabulae
681 1338 905 1386 supersunt
918 1320 1150 1386 perpauca,
1169 1342 1302 1385 eaque
1319 1328 1476 1386 partim
1489 1328 1644 1371 misere

337 1412 564 1461 corrupta,
591 1402 750 1461 partim
772 1401 1011 1460 argumenti
1038 1407 1127 1443 tam
1147 1401 1323 1454 incerti,
1357 1412 1406 1442 ut
1425 1399 1576 1443 eadem
1601 1412 1644 1443 et

340 1475 394 1517 ad
411 1492 479 1518 res
496 1477 542 1518 in
559 1477 687 1518 Troia
705 1487 842 1535 gestas
859 1475 1018 1518 referre
1035 1474 1149 1517 haud
1176 1474 1456 1518 incommode
1481 1478 1618 1534 possis
1629 1508 1642 1530 ,

339 1560 383 1592 et
400 1549 455 1592 ad
476 1550 685 1593 Helenam
705 1550 750 1592 in
768 1541 970 1610 Aegypto
984 1555 1225 1591 versantem
1250 1549 1486 1607 pertinere,
1505 1549 1644 1608 {facile

337 1625 430 1682 quis
449 1625 680 1668 coniiciat.¹

393 1699 456 1741 Ex
479 1699 573 1757 ipso
593 1697 719 1741 titulo
745 1698 780 1739 si
802 1696 1035 1756 quidquam
1055 1697 1268 1740 conficere
1288 1697 1391 1741 licet
1407 1730 1422 1754 ,
1456 1708 1520 1741 est
1539 1714 1642 1742 sane

334 1772 595 1816 vocabulum
624 1772 843 1829 ἀπαίτησις
874 1771 1066 1815 solemne
1107 1772 1152 1814 in
1181 1771 1255 1814 illa
1284 1770 1549 1815 Graecorum
1588 1774 1642 1816 ab

334 1848 530 1891 Troianis
558 1852 804 1905 repetitione
823 1847 1013 1890 Helenae
1031 1858 1130 1889 ante
1147 1848 1289 1904 ipsum
1307 1847 1492 1902 bellum,
1523 1848 1641 1890 cuius

334 1921 528 1965 meminit
559 1920 771 1963 Homerus
804 1919 934 1963 Iliad.
973 1919 1050 1962 111.
1091 1917 1176 1961 205
1212 1933 1338 1977 sqq.,
1389 1918 1467 1963 XI.
1509 1919 1636 1975 125„

332 1993 694 2053 quemadmodum
734 1994 781 2035 in
829 1994 909 2035 hac
962 1993 1216 2051 Cypriorum
1262 1993 1507 2035 narratione
1548 1993 1635 2053 (ap.

332 2069 583 2129 Proclum):
618 2071 761 2114 ἔπειτα
786 2069 1096 2129 ἀποβαίνοντας
1125 2069 1274 2119 αὐτούς
1305 2071 1361 2119 εἷς
1389 2067 1527 2114 Ἴλιον
1559 2070 1637 2128 εἴρ-

331 2131 474 2201 γουσιν
492 2148 533 2190 οἱ
545 2148 682 2204 Τρῶες
694 2169 752 2176 —
770 2146 840 2189 καὶ
857 2146 1219 2204 διαπρεσβειίονται
1236 2146 1335 2200 πρὸς
1351 2145 1446 2194 τούς
1465 2147 1634 2202 Τρῶας,

323 2227 399 2277 τὴν
430 2222 608 2278 ιΕλένην
636 2224 707 2265 καὶ
735 2224 787 2264 τὰ
817 2227 1003 2278 χρήματα
1033 2222 1401 2269 ἄπαιτοῦντες’
1433 2219 1494 2278 (v.
1518 2220 1635 2264 Hen-

328 2295 510 2339 richsen.
545 2296 611 2338 De
638 2309 770 2339 carm.
812 2293 934 2350 cypr.
965 2308 1012 2354 p.
1049 2292 1197 2352 103.):
1232 2307 1363 2352 quam
1398 2294 1531 2337 secuti
1570 2294 1634 2338 vi·

364 2489 413 2533 (1)
438 2490 476 2520 In
498 2488 563 2520 vita
591 2487 763 2529 Sophoclis·
791 2496 825 2527 p.
847 2485 927 2517 237.
952 2490 985 2515 et
1010 2482 1091 2516 libro
1123 2482 1212 2516 modo
1239 2483 1325 2516 laud.
1358 2495 1392 2527 p.
1409 2485 1513 2526 246„
1545 2498 1637 2530 quem

321 2559 390 2580 vero
414 2544 572 2579 consulere
595 2543 690 2577 mihi
696 2553 759 2576 non
782 2541 922 2586 contigit.

363 2604 472 2649 (2)1n
498 2605 557 2635 Gr.
583 2604 641 2634 Tr.
664 2612 696 2645 p.
722 2602 800 2632 117.
819 2610 886 2643 sqq.
919 2604 951 2629 et
976 2599 1011 2630 in
1041 2598 1157 2630 Addit.
1183 2610 1216 2642 p.
1244 2599 1367 2631 1553st
1403 2600 1478 2632 Hier
1495 2602 1641 2634 verwirst

315 2663 369 2702 der
391 2659 609 2705 Vf.(Sch·‹511.)
632 2659 690 2691 mit
715 2655 815 2690 Recht
842 2657 942 2689 meine
967 2653 1093 2687 fruhere
1120 2654 1459 2700 E1klarung‚nimmt
1478 2655 1555 2690 aber
1578 2659 1637 2690 mit

314 2731 445 2766 grossem
465 2717 600 2751 Unrecht
621 2719 691 2751 eine
711 2716 858 2749 Helena'
849 2727 884 2748 m
906 2714 1090 2758 Aegypten,
1123 2714 1193 2746 eine
1214 2712 1464 2747 Schein-Helem
1485 2726 1550 2757 an,
1583 2717 1637 2749 ein

316 2777 452 2822 Beispiel
473 2774 646 2817 demnach,
681 2785 698 2807 x>
711 2773 779 2807 dass
799 2768 881 2807 a'uch
902 2769 1072 2815 sopholdes
1091 2769 1262 2815 Tragddien
1282 2769 1337 2802 der
1357 2770 1636 2807 mahrchenhaften

315 2839 368 2869 Art
391 2832 545 2880 gedichtet
569 2830 668 2876 habe,
693 2831 754 2865 wie
778 2842 837 2864 von
860 2827 1019 2874 Euripides
1041 2828 1093 2861 ein
1116 2838 1191 2872 paar
1211 2827 1406 2873 vorliegenss’
