2037 3619
1044 335 1101 377 28

417 474 590 522 Geelius
615 474 678 535 (p,
707 473 794 531 6.):
828 486 1088 530 quamquam
1110 473 1249 526 enim,
1278 474 1313 516 si
1338 485 1435 533 post
1458 474 1731 517 Autoleontis

416 547 589 593 demum
626 545 807 590 reditum
840 545 1080 588 recantavit
1109 549 1261 605 poeta,
1291 561 1422 592 senex
1450 549 1734 593 recantaverit

414 638 588 666 necesse
624 630 710 674 est,
744 634 834 663 non
870 620 915 662 in
948 619 1096 663 aetatis
1131 630 1276 663 tamen
1323 620 1432 666 flore
1478 624 1734 684 vituperium

411 693 622 756 scripsisse
653 693 868 749 Helenae,
901 692 976 737 sed
1010 692 1204 737 universe
1226 694 1272 736 in
1293 694 1512 754 prioribus
1533 697 1734 741 carmini-

410 771 513 826 bus,
546 784 672 829 supra
705 769 889 813 conieci.

464 845 583 888 Nolo
613 854 760 887 tamen
790 842 1023 903 quidquam
1058 842 1295 897 affirmare,
1336 857 1476 901 neque
1507 844 1599 903 ipse
1630 846 1732 889 huic

406 935 529 965 meae
547 919 821 964 coniecturae
838 918 935 979 plus
952 918 1099 962 tribuo
1111 951 1124 974 ,
1146 932 1273 977 quam
1295 917 1385 961 eius
1401 915 1523 961 modi
1540 918 1733 965 tribuen-

405 994 510 1039 dum
539 1005 604 1039 est
639 995 914 1040 coniecturis·
977 994 1127 1037 Potuit
1149 1008 1251 1037 sane
1272 992 1444 1037 aliunde
1465 995 1598 1038 etiam
1620 995 1733 1039 simi-

403 1070 491 1114 lem
524 1071 714 1125 famam,
747 1069 802 1113 de
836 1069 1003 1113 Helena
1035 1069 1081 1112 in
1116 1069 1259 1112 Leuce
1289 1068 1427 1112 insula
1444 1069 1537 1112 Dea
1553 1069 1728 1126 habita,

402 1144 621 1204 cognitam
652 1143 815 1186 habere
843 1147 1000 1203 poeta:
1034 1141 1270 1186 secundum
1303 1142 1462 1202 Cypria
1496 1143 1611 1187 enim
1634 1158 1730 1187 car-

400 1218 539 1273 mina,
574 1218 787 1262 Helenam
822 1228 867 1260 et
904 1216 1120 1260 Achillem
1147 1232 1297 1260 amore
1318 1218 1603 1262 coniunxerat
1623 1230 1724 1263 ante

399 1292 576 1337 Troiam
610 1293 758 1338 Thetis
789 1293 1035 1355 (Ἀχιλλεύς
1064 1292 1244 1351 Ἑλένην
1266 1295 1466 1349 ἐπιθυμεῖ
1489 1298 1725 1340 θεάσασθαι

400 1371 473 1413 καὶ
507 1373 738 1425 συνήγαγεν
769 1370 917 1420 αὐτούς
946 1372 1002 1419 εἷς
1028 1370 1075 1413 τὸ
1094 1369 1195 1413 αὐτὸ
1214 1368 1451 1426 Ἀφροδίτη
1469 1371 1540 1413 καὶ
1560 1369 1722 1429 Θέτις),

400 1444 636 1489 secundum
665 1445 834 1488 Arctini
863 1455 1007 1487 autem
1037 1444 1272 1505 Aethiopia
1302 1444 1476 1488 »Thetis
1505 1456 1724 1489 mortuum

398 1520 613 1563 Achillem
633 1523 690 1571 εἷς
707 1523 783 1575 τὴν
802 1522 1005 1575 Λευκὴν
1027 1524 1151 1574 νῆσον
1170 1518 1430 1573 διακομίζει”
1442 1520 1622 1563 fortasse
1638 1520 1723 1563 He·

395 1593 566 1652 lenamf,
591 1593 711 1636 cuius
733 1594 905 1652 copiam
924 1592 1089 1635 fecerat
1109 1592 1211 1634 vivo
1233 1591 1416 1647 Achilli,
1438 1592 1521 1651 ipsi
1542 1604 1719 1636 mortuo

397 1668 549 1724 etiam,
580 1668 651 1711 vel
672 1668 816 1727 potius
843 1666 1077 1709 immortali
1102 1666 1147 1710 in
1170 1666 1313 1709 Leuce
1334 1665 1471 1708 insula
1493 1666 1614 1722 Deo,
1648 1666 1722 1709 ad-

396 1743 576 1803 iungens
605 1757 786 1785 uxorem
820 1741 903 1800 (1).

457 1816 645 1859 Aliunde
673 1817 803 1876 igitur
832 1815 934 1857 licet
965 1814 1076 1856 hanc
1104 1814 1261 1856 famam
1284 1815 1502 1873 cognitam
1521 1814 1718 1857 habuerit

394 1892 684 1948 Stesichorus,
714 1891 857 1950 potuit
871 1901 1018 1933 tamen
1041 1889 1315 1932 Autoleontis
1333 1889 1507 1933 demum
1529 1891 1719 1934 narratio

392 1965 475 2025 ipsi
498 1962 554 2007 ad
577 1962 933 2007 Recantationem
953 1960 1302 2021 componendam
1324 1962 1535 2022 praebere
1554 1977 1717 2008 ansam.

392 2041 595 2084 Fortasse
625 2038 879 2083 Autoleonti
899 2037 1006 2081 nihil
1027 2036 1178 2080 debuit
1196 2041 1327 2097 poeta
1340 2070 1353 2093 ,
1382 2037 1460 2081 sed
1481 2037 1595 2082 male
1616 2054 1720 2082 con·

392 2111 596 2159 fuderunt
613 2111 842 2173 populares
857 2126 908 2155 ea
920 2143 933 2167 ,
960 2125 1069 2170 quae
1083 2125 1137 2154 ex
1152 2109 1383 2155 Palinodia
1403 2122 1718 2173 cognoverant,

396 2205 496 2233 cum
510 2189 562 2230 iis
579 2203 687 2246 quae
704 2202 759 2230 ex
772 2187 925 2229 itinere
943 2193 1190 2229 narraverat
1209 2187 1443 2230 Autoleon:
1461 2189 1714 2247 praesertim

396 2280 529 2325 quum
560 2263 722 2319 visum,
754 2261 1068 2306 Recantatione
1099 2260 1235 2318 facta,
1265 2272 1560 2322 recuperasset
1588 2261 1715 2308 Stesi-

438 2518 486 2564 (1)
508 2519 689 2565 Cypriorum
711 2519 869 2560 narratio,
893 2518 931 2552 de
957 2518 1091 2554 Achillis
1112 2520 1147 2553 in
1170 2519 1317 2554 Helenam
1340 2531 1461 2562 amore,
1483 2519 1641 2555 obversata
1659 2533 1722 2555 esse

388 2576 511 2610 videtur
543 2576 685 2621 Euripidi
718 2577 751 2609 in
785 2578 916 2610 Helena
947 2589 992 2610 vs.
1023 2579 1100 2620 95„
1138 2577 1196 2611 ubi
1220 2578 1376 2610 Achillem
1404 2577 1482 2612 dicit
1505 2579 1588 2612 inter
1611 2592 1720 2624 procos

388 2634 483 2665 fuisse
507 2633 652 2666 Helenae.
673 2650 722 2658 —
742 2634 862 2665 Arctini
888 2636 1114 2675 narrationem,
1137 2634 1176 2666 de
1195 2634 1318 2667 Achille
1336 2636 1370 2667 in
1390 2636 1492 2668 Leuce
1510 2637 1615 2669 insula
1633 2638 1715 2677 Deo.

388 2697 511 2724 secutus
533 2697 579 2724 est
600 2690 762 2735 Euripides
784 2691 941 2725 Androm.
965 2701 1011 2724 vs.
1038 2693 1129 2725 1265
1158 2702 1203 2737 sq.
1225 2692 1300 2736 Iph.
1327 2693 1431 2726 Taur.
1455 2704 1498 2727 vs.
1523 2694 1614 2736 435,
1637 2694 1715 2736 alii,

388 2758 465 2793 quos
497 2747 606 2781 laudat
627 2749 753 2781 Roulez.
778 2747 818 2781 ad
844 2749 971 2782 Ptolem.
996 2748 1098 2793 Heph.
1124 2749 1174 2780 IV.
1198 2760 1232 2793 p.
1256 2749 1298 2782 91
1313 2773 1324 2790 ,
1345 2761 1408 2794 quo
1437 2750 1506 2783 loco
1526 2751 1641 2783 similis
1663 2762 1717 2783 oc-

390 2803 487 2836 currit
511 2802 592 2837 fama
617 2802 654 2836 de
681 2802 812 2837 Achiuis
833 2811 866 2836 et
890 2802 1024 2838 Helenae
1049 2805 1083 2837 in
1109 2803 1270 2838 uentorum
1294 2804 1406 2840 insulis
1429 2806 1677 2840 commoratione.

367 3613 397 3619 Δ
413 3612 530 3619 ,Annum-sp
540 3617 562 3619 A.
