2037 3619
1034 342 1088 382 52

402 477 605 521 Menelao
632 487 795 537 raptam
831 476 1106 534 crinibusque
1142 486 1407 536 protractam
1436 476 1500 538 (ι)
1525 486 1621 537 post
1652 492 1719 519 ex-

401 565 634 614 pugnatam
652 552 825 592 Troiam
846 566 858 606 ;
887 558 1007 593 suam
1024 566 1128 593 vero
1149 548 1306 593 deinde
1329 550 1392 611 (2)
1416 552 1567 596 reiecit
1583 552 1715 612 suspi-

404 629 572 671 cionem
591 659 601 678 ,
636 641 776 684 neque
798 636 940 668 tamen
964 624 1019 668 de
1047 624 1214 668 Paridis
1244 625 1394 684 rapina
1423 626 1487 686 (3)
1522 627 1713 687 accepit,

402 715 447 746 ut
476 711 702 761 acceperat
740 700 967 745 Schollius.
1031 699 1147 755 Quid
1182 698 1298 759 quod
1330 701 1571 760 suspicatur
1606 703 1717 747 Her·

401 792 580 820 mannus
602 776 763 834 (Praef.
790 775 843 818 ad
864 776 1018 818 Helen.
1041 791 1088 834 p.
1106 775 1200 834 xv),
1231 791 1320 817 non
1345 773 1560 818 diversam
1585 777 1712 820 fuisse

397 853 509 896 hanc
528 850 758 912 Sophoclis
780 850 985 895 Fabulam
1005 850 1061 894 ab
1087 849 1277 894 eiusdem
1294 850 1347 895 ‘E
1361 849 1386 894 λ
1397 850 1418 895 ε’
1431 869 1456 897 ν
1470 870 1497 908 η
1509 869 1530 902 ς
1558 855 1588 896 ἀ
1601 871 1634 895 π
1646 871 1675 895 α
1688 873 1718 896 ι-

396 926 575 982 vitm?
633 927 736 969 Non
763 926 922 969 absona
944 924 1115 968 videtur
1144 926 1329 985 suspicio
1351 939 1362 968 :
1414 924 1566 985 quodsi
1602 926 1715 970 enim

398 1003 609 1047 Helenam
630 1018 684 1046 ex
700 1003 899 1062 Aegypto
918 1001 1146 1061 repetitam
1169 1001 1292 1044 finxit
1311 1000 1573 1061 Sophocles,
1589 1001 1716 1044 facile

399 1076 550 1120 eadem
575 1077 740 1121 Fabula
765 1087 809 1120 et
837 1076 1056 1133 Ἑλένης
1086 1078 1381 1134 ἀπαίτησις
1406 1078 1551 1137 potuit
1574 1077 1722 1137 appel-

398 1153 476 1194 lari
497 1184 509 1208 ,
555 1163 600 1195 et
629 1152 843 1209 Ἑλένης
884 1155 1086 1209 ἁρπαγὴ
1108 1184 1121 1206 ,
1163 1153 1283 1195 cuius
1317 1152 1449 1195 fuerit
1478 1152 1568 1195 eius
1598 1150 1718 1194 modi

396 1236 692 1287 argumentum
710 1260 722 1283 ,
754 1237 803 1269 ut
823 1225 1046 1270 Menelaus
1074 1225 1230 1270 frustra
1258 1231 1479 1287 repetitam
1504 1225 1714 1270 Helenam

394 1309 598 1362 rapuerit.

457 1376 544 1421 Sed
586 1392 725 1436 neque
761 1376 816 1421 de
845 1377 1065 1434 Ἑλένης
1093 1378 1374 1432 ἀπαιτήσει
1403 1387 1573 1420 constat
1605 1377 1718 1419 inter

398 1451 590 1495 eruditos
609 1485 622 1508 ‚
657 1467 743 1510 quo
770 1451 1042 1511 pertinuerit.
1107 1450 1404 1506 Hermannus,
1439 1451 1511 1509 qui
1536 1451 1581 1493 in
1603 1451 1713 1494 Diss.

396 1528 463 1569 De
493 1526 633 1569 dmm.
673 1530 984 1577 comico-satyr.
1009 1524 1188 1584 (Opusm
1210 1525 1247 1569 Ι.
1272 1524 1367 1584 46.)
1395 1524 1585 1568 fabulam
1608 1537 1718 1585 saty-

395 1601 529 1644 ricam
564 1600 731 1644 dixerat
762 1599 962 1661 (negante
983 1599 1218 1644 Welckero
1247 1600 1499 1660 Nachtrc‘ige
1518 1617 1602 1643 zur
1626 1602 1719 1644 Tri-

397 1678 531 1736 Iogie‚
559 1692 606 1736 p.
627 1675 752 1735 292.)
767 1707 780 1732 ‚
811 1676 1029 1718 illustrans
1046 1675 1170 1717 huius
1198 1675 1391 1718 Fabulae
1409 1675 1648 1736 fragmenta
1671 1677 1716 1719 in

396 1750 538 1794 Praef.
568 1749 623 1793 ad
652 1749 812 1795 Helen.
846 1765 890 1809 p.
921 1764 1012 1794 xvr.
1031 1781 1043 1805 ,
1079 1749 1325 1810 ambiguum
1353 1760 1509 1809 putat,
1547 1761 1714 1793 »uti-un·

436 1956 484 2002 (1)
508 1969 536 1990 v.
561 1969 654 2001 supra
676 1969 710 2002 p.
734 1959 794 1992 23.
823 1976 872 1982 —
901 1959 990 1991 Hanc
1018 1964 1100 1990 certe
1130 1958 1218 1990 verbi
1241 1955 1424 2004 ἁρπάζειν
1446 1960 1604 1991 notionem
1622 1960 1721 1992 intel-

391 2014 470 2057 ligas
484 2020 553 2045 tum
572 2014 721 2056 aliunde,
745 2023 814 2047 tum
836 2027 876 2047 ex
898 2015 971 2047 Eur.
991 2016 1072 2047 JJec.
1089 2026 1136 2049 vs.
1161 2016 1272 2057 1109,
1295 2014 1354 2047 uhi
1374 2015 1561 2061 Polymestor
1576 2027 1725 2061 quaerens

393 2071 572 2114 Hecubam,
595 2084 674 2118 quae
696 2080 910 2106 occoecaverat
927 2074 1052 2117 ipsum,
1075 2073 1153 2106 haec
1175 2073 1214 2106 ad
1234 2074 1513 2118 Agamemnonem:

649 2147 699 2156 -—
723 2129 809 2163 εἰπὲ
833 2131 906 2163 ποῦ
931 2127 1016 2163 ’σθ’
1039 2127 1089 2163 ἵν’
1111 2129 1316 2176 ἁρπάσας
1339 2136 1468 2177 χεροῖν

654 2186 913 2231 διασπάσωμαι
936 2186 1002 2221 καὶ
1026 2188 1249 2231 καθαιμάξω
1272 2187 1381 2235 χρόα.

439 2246 485 2290 (2)
513 2247 548 2277 In
568 2246 689 2279 Addit.
712 2247 752 2278 ad
779 2248 838 2278 Gr.
865 2248 923 2278 Tr.
947 2258 980 2290 p.
996 2247 1106 2278 1556:
1131 2247 1233 2278 Meine
1260 2246 1385 2277 fn'ihere
1406 2245 1620 2290 Vermuthung
1643 2248 1723 2279 wird

390 2308 447 2347 gut
469 2301 653 2348 wiederlegt
677 2301 707 2348 (a
727 2302 864 2336 Schb‘llio
877 2327 887 2345 ,
910 2303 1112 2348 Nachtrlige
1128 2314 1194 2336 zur
1209 2303 1401 2336 Kenntniss
1420 2303 1481 2336 der
1497 2308 1587 2348 trag.
1601 2305 1724 2337 Poe'sie

388 2362 419 2392 d.
448 2362 507 2393 Gr.
531 2372 565 2405 p.
586 2362 658 2393 234
675 2360 753 2405 sqq.)
777 2360 843 2392 und
864 2359 956 2393 daffir
983 2359 1038 2393 der
1071 2360 1162 2393 Raub
1187 2360 1240 2392 des
1268 2360 1353 2393 Paris
1383 2372 1627 2404 angenommen,
1663 2373 1725 2393 nur

390 2415 470 2449 nach
493 2426 511 2448 »
524 2416 595 2449 dem
619 2415 893 2462 naehstliegenden
920 2416 998 2450 Sinn
1029 2416 1084 2449 des
1109 2416 1206 2449 Titels
1220 2440 1230 2459 ,
1254 2415 1294 2449 da
1310 2415 1522 2450 Bruchstficke
1545 2417 1613 2451 sich
1636 2418 1725 2452 nieht

388 2475 515 2507 finden”
538 2475 604 2507 und
627 2476 739 2519 gewiss
763 2474 851 2506 nicht
874 2476 933 2506 mit
956 2474 1068 2506 Recht.

430 2530 477 2576 (3)
501 2531 618 2564 Paridis
640 2532 750 2575 rapina
775 2527 860 2564 κατ’
888 2530 1018 2576 ἐξοχὴν
1058 2531 1124 2564 sere
1158 2529 1335 2575 appellatur
1357 2527 1443 2565 Ἓλ.
1469 2528 1644 2578 ἁρπαγὴ,
1670 2531 1728 2565 Co-

387 2588 476 2621 lutho
496 2601 619 2633 quoque
642 2589 832 2621 celebratum
849 2597 1085 2633 argumentum;
1112 2589 1223 2620 Thesei
1247 2595 1351 2621 contra
1372 2590 1482 2632 rapina
1495 2590 1613 2622 (licitur
1631 2600 1723 2636 προ-

384 2647 475 2691 τέρα
508 2645 592 2679 “Ελ.
627 2644 778 2692 ἁρπαγὴ
810 2657 862 2690 ap.
898 2647 1028 2679 Lucian.
1063 2647 1149 2678 dial.
1184 2646 1224 2677 de
1257 2647 1337 2677 salt.
1364 2644 1415 2690 (11.
1442 2658 1474 2691 p.
1496 2647 1604 2691 292),
1640 2646 1729 2691 quod

381 2705 483 2736 minus
504 2711 586 2737 recte
612 2703 649 2736 de
677 2705 794 2738 Helena
828 2716 846 2737 a
872 2704 979 2737 Paride
1002 2711 1090 2748 rapta
1117 2704 1239 2746 accepit
1265 2703 1421 2737 Beckerus
1443 2704 1525 2738 libro
1548 2706 1719 2750 elegantis-

377 2761 471 2801 simo,
495 2763 550 2805 qui
567 2761 748 2794 inscribitur
784 2762 983 2802 Charikles,
1009 2762 1131 2794 Bilder
1152 2762 1439 2803 altgrz'echz‘scher
1457 2764 1573 2802 Sitte,
1598 2762 1659 2793 vol.
1691 2763 1715 2795 1,

403 2819 500 2851 .508.
528 2818 597 2851 coll.
617 2820 694 2852 409.
