2037 3619
931 324 985 365 65

287 460 552 504 connubium
575 462 734 520 appetit
755 461 863 505 filius
883 462 1028 505 Protei
1050 462 1420 520 Theoclymenus,
1455 461 1524 503 cui
1554 472 1598 503 ut

286 550 333 578 se
353 535 574 578 subtrahat
593 537 681 596 ipsa
694 568 707 592 ,
731 537 910 597 supplex
931 536 986 580 ad
1007 537 1154 580 Protei
1173 537 1381 579 tumulum
1405 535 1592 589 accedit,

285 609 330 651 in
353 609 565 653 anteriore
598 626 723 654 scena
753 612 1046 670 conspicuum.
1079 637 1135 645 -—-
1168 611 1255 652 Has
1276 626 1343 653 res
1367 621 1595 669 postquam

282 680 448 724 Helena
477 684 698 743 exposuit,
747 683 893 744 prodit
929 683 1121 739 Teucer,
1167 684 1261 742 qui,
1297 698 1321 726 a
1354 683 1594 727 Telamone

279 768 401 816 patre
429 759 646 817 expulsus,
679 758 796 818 quod
819 761 910 802 sine
939 760 1074 802 Aiace
1108 758 1240 801 fratre
1269 759 1484 802 Salamina
1520 775 1589 802 rc·

280 830 443 888 diisset,
477 850 629 878 novam
666 834 912 878 conditurus
948 835 1159 895 patriam,
1198 834 1252 878 de
1281 835 1464 890 itinere,
1501 850 1588 894 quo

281 907 361 966 ipsi
382 909 570 968 Cyprum
588 908 946 969 proficiscendum
965 910 1042 965 sit,
1066 908 1291 952 consulere
1312 909 1431 968 cupit
1450 909 1590 952 Theo-

280 997 429 1035 noam,
464 983 592 1026 filiam
617 984 762 1027 Protei
783 983 1028 1027 fatidicam:
1061 984 1222 1026 infecta
1242 994 1386 1025 tamen
1409 998 1457 1026 re
1478 983 1586 1026 abit.

280 1056 343 1100 Ex
371 1072 424 1100 eo
449 1058 658 1118 comperit
680 1057 842 1102 Helena
861 1090 873 1114 ,
908 1069 1078 1119 captam
1100 1074 1190 1102 esse
1211 1057 1412 1114 Troiam,
1443 1057 1589 1101 Mene·

276 1130 391 1173 laum
427 1148 554 1188 vero,
594 1149 728 1176 uxore
755 1144 1033 1192 recuperata,
1066 1135 1111 1176 in
1138 1132 1363 1176 Graeciam
1395 1131 1588 1176 nondum

280 1220 370 1250 csse
405 1222 645 1262 reversum,
686 1214 986 1267 mortuumque
1020 1208 1200 1263 haberi3
1247 1219 1463 1251 mortuam
1499 1223 1589 1251 esse

279 1291 488 1335 matrem,
528 1292 719 1323 mortuos
747 1281 923 1324 fratres:
961 1280 1064 1324 inde
1104 1282 1297 1324 Helenae
1335 1281 1506 1341 querela
1545 1293 1588 1325 et

281 1354 434 1411 Chori,
467 1356 537 1413 qui
569 1366 631 1399 est
658 1371 709 1399 ex
741 1356 917 1414 captivis
945 1356 1177 1415 virginibus
1203 1355 1422 1414 Spartanis
1445 1371 1456 1399 ε
1490 1356 1591 1399 huic

282 1428 581 1489 obtemperans
603 1430 793 1485 Helena,
826 1429 1059 1473 Theonoae
1085 1430 1196 1490 petit
1225 1429 1374 1486 aedes,
1406 1430 1591 1473 certiora

281 1503 335 1547 de
368 1503 550 1547 Menelai
582 1516 698 1548 sorte
724 1503 871 1547 doceri
901 1505 1090 1563 cupiens.
1129 1530 1186 1537 —
1227 1505 1275 1547 In
1307 1520 1478 1548 scenam
1504 1505 1591 1548 iam

281 1594 457 1621 vacuam
495 1580 584 1638 ipse
619 1578 766 1638 prodit
805 1578 1024 1621 Menelaus
1045 1610 1055 1630 ‚
1101 1578 1324 1638 naufragus
1343 1610 1355 1633 ,
1399 1578 1591 1637 squalida

277 1651 449 1695 indutus
481 1664 622 1708 veste,
664 1653 901 1695 miserrimo
941 1651 1178 1711 adspectu3
1225 1653 1419 1706 Helena,
1462 1668 1590 1710 quam

279 1727 485 1786 putabat,
518 1726 727 1785 sociisque
758 1727 801 1769 iu
833 1732 957 1769 antro
985 1741 1122 1786 prope
1154 1725 1252 1769 litus
1280 1726 1467 1777 relictis,
1498 1727 1590 1786 ipse

277 1801 439 1843 victum
460 1802 717 1858 quaesiturus
732 1832 744 1854 ,
773 1799 899 1842 aedes
920 1800 1055 1858 pultat
1077 1801 1213 1860 regias
1233 1816 1245 1854 ;
1279 1800 1500 1859 repellitur
1531 1801 1585 1843 ab

280 1891 364 1929 anu
379 1876 572 1919 ianitrice
589 1908 602 1931 ,
622 1891 673 1919 ex
692 1891 773 1934 qua
790 1875 1003 1934 comperit
1015 1906 1028 1930 ,
1049 1874 1413 1933 Theoclymenum
1440 1890 1585 1935 regem

278 1948 535 2004 interficere,
550 1964 859 2007 quemcumque
875 1947 1110 2008 prehendat
1123 1947 1334 1991 Graecum
1348 1949 1582 2004 hominem,

276 2032 505 2083 propterea
530 2023 646 2083 quod
666 2024 875 2067 Helenam
895 2023 1207 2082 Tyndaridem,
1226 2022 1345 2065 domi
1366 2022 1582 2078 detinens,

280 2114 456 2142 uxorem
468 2098 624 2142 ducere
634 2099 798 2159 gestiat.
816 2098 892 2141 His
904 2097 1056 2141 auditis
1066 2098 1341 2140 conturbatus
1351 2097 1583 2157 Menelaus,

278 2184 522 2232 exspectare
543 2184 684 2216 tamen
705 2173 845 2232 ipsum
867 2188 1010 2231 regem
1035 2173 1270 2215 constituit.
1303 2198 1360 2206 -
1393 2173 1583 2216 Reverti-

279 2257 348 2289 tur
379 2248 543 2290 Chorus
568 2262 666 2290 cum
691 2246 856 2289 Helena
883 2261 937 2289 ex
959 2245 1135 2289 aedibus
1155 2246 1415 2301 Theonoae,
1450 2262 1581 2305 quae,

275 2321 518 2364 Menelaum
537 2354 549 2376 ,
592 2336 679 2364 non
722 2330 965 2374 mortuum,
1006 2335 1109 2362 mox
1144 2335 1234 2362 esse
1268 2319 1548 2363 adventurum
1567 2353 1579 2370 .

279 2396 377 2455 ipsis
399 2402 637 2455 aperuerat.
670 2421 727 2428 -—
757 2394 862 2438 Mox
884 2394 1044 2454 agnitio
1067 2393 1252 2437 Menelai
1283 2404 1327 2436 et
1354 2394 1543 2437 Helenae
1563 2411 1576 2450 ;

280 2471 428 2514 nuntio
452 2470 700 2529 praesertim
721 2469 984 2525 affirmante,
1015 2484 1214 2524 uxorem,
1244 2485 1369 2527 quam
1388 2470 1435 2513 in
1456 2477 1582 2513 antro

276 2545 513 2603 reliquisset
537 2543 778 2599 Menelaus,
819 2544 864 2585 in
903 2547 1045 2586 aerem
1084 2542 1275 2585 avolasse
1292 2574 1305 2597 ,
1345 2543 1585 2587 confessam

278 2618 383 2662 nihil
402 2633 446 2660 se
468 2617 547 2659 nisi
568 2617 736 2662 εἴδωλον
753 2616 878 2660 fuisse
895 2616 1100 2660 Helenae.
1121 2642 1177 2649 —
1194 2617 1328 2671 Hinc,
1350 2617 1586 2662 Theonoae

280 2708 364 2753 ope
384 2692 631 2752 impetrata,
664 2690 807 2751 fugam
829 2700 1001 2751 parant,
1030 2690 1142 2732 hanc
1164 2690 1452 2749 excogitantes
1474 2690 1589 2734 frau-

278 2769 399 2813 dem:
448 2767 636 2811 vestibus
680 2765 843 2809 Helena
894 2764 1042 2809 induta
1086 2765 1358 2824 lugubribus,
1400 2766 1589 2810 crinibus

1364 2855 1385 2882 υ
