2037 3619
998 370 1054 412 32

517 554 525 563 ι
623 526 709 547 »-
735 505 963 560 Lycambae
986 511 1144 559 spretus
1168 507 1297 549 infido
1321 511 1472 562 ‘cenef’

430 593 517 619 »-
535 588 699 631 sponsae
724 574 921 628 laqueum
946 572 1099 614 famoso
1124 575 1308 616 carmine
1334 578 1489 618 neotit’'
1515 576 1591 634 (l)

354 668 424 711 vel
450 668 577 710 etiam
605 680 704 707 cum
727 663 1011 724 Hipponactis
1035 663 1237 718 historia,
1271 664 1344 722 qui
1366 665 1425 708 ob
1447 667 1672 710 matrimo-

355 742 491 796 nium,
510 738 627 799 quod
649 755 747 782 cum
770 738 924 798 Bupali
944 737 1034 781 filia
1054 737 1229 781 volebat
1248 738 1382 794 inire,
1403 720 1669 797 recusatum,

353 830 481 858 ‚acer
507 814 642 857 hostis
665 811 855 872 Bupalo”
881 811 942 870 ad
960 812 1160 870 laqueum
1194 827 1269 856 eos
1289 812 1546 873 compulisse
1568 813 1677 858 dici·

353 900 437 933 tur.
497 889 634 932 Recte
651 898 874 948 praeterea
892 878 1079 948 Silligius
1086 886 1152 947 (2)
1172 886 1462 943 demonstrat,
1477 885 1589 932 male
1596 889 1680 933 Ar·

354 965 552 1009 chelaum
589 979 690 1008 cum
725 962 959 1006 Stesichori
994 961 1173 1005 historia
1214 962 1397 1006 iunxisse
1431 962 1645 1022 Bupalum
1660 992 1675 1018 ‚

355 1039 565 1083 artificem
598 1037 721 1080 illum
746 1036 1101 1091 celeberrimum3
1127 1034 1276 1095 (alium
1309 1046 1453 1080 autem
1487 1036 1524 1079 si
1555 1036 1680 1080 intel·

352 1116 523 1160 lexisset
544 1112 775 1172 Bupalum,
793 1109 1042 1163 addidisset,
1065 1121 1197 1170 puto,
1219 1111 1454 1155 Archelaus
1464 1110 1498 1170 z)
1530 1111 1677 1171 »inep-

354 1196 446 1233 tum
462 1187 578 1232 enim
595 1185 711 1229 foret
727 1182 906 1228 credere
918 1214 932 1239 ,
954 1183 1095 1243 inquit
1111 1182 1322 1245 Silligius,
1341 1197 1469 1229 unam
1487 1184 1677 1245 puellam

355 1275 399 1307 et
419 1264 479 1306 ab·
494 1260 743 1305 stesichoro
756 1290 769 1314 ,
791 1258 864 1317 qui
885 1271 1000 1301 anno
1021 1257 1107 1302 553
1125 1273 1290 1301 summa
1304 1269 1526 1302 senectute
1542 1259 1676 1314 obiit,

358 1349 404 1382 et
438 1353 464 1382 a
494 1333 686 1396 Bupalo,
725 1333 797 1392 qui
831 1347 945 1375 anno
981 1331 1068 1376 520
1111 1333 1241 1376 etiam
1280 1342 1415 1377 artem
1459 1334 1648 1381 exercuit
1661 1363 1673 1386 ‚

358 1423 547 1458 amatam
564 1409 707 1454 fuisse.
770 1405 1022 1450 Grandaeva
1041 1417 1158 1451 certe
1182 1406 1328 1451 fuisset
1346 1408 1426 1453 ista
1446 1408 1677 1469 puellula.”

356 1489 505 1547 Itaque
527 1500 617 1529 non
646 1498 752 1527 curo
772 1482 884 1524 hanc
911 1480 1113 1524 Archelai
1140 1482 1455 1538 narrationem,
1487 1499 1680 1543 pracser-

357 1563 437 1607 tim
458 1559 713 1603 Ptolemaeo
732 1555 968 1610 referente,
990 1556 1087 1613 qui,
1120 1555 1311 1599 veritatis
1331 1570 1486 1615 parum
1504 1572 1657 1600 curans
1669 1587 1683 1613 ,

355 1634 638 1691 undecunque
676 1629 859 1672 maxime
895 1630 1154 1686 παραδόξους
1197 1630 1535 1673 narratiunculas
1573 1645 1682 1674 con-

357 1709 554 1770 gesserit,
573 1719 707 1749 novas
725 1703 890 1746 scilicet
909 1708 1029 1747 novis
1049 1704 1135 1746 suis
1156 1703 1348 1746 historiis
1366 1704 1541 1748 fabellas
1560 1704 1682 1749 addi-

355 1794 498 1837 turus,
527 1780 684 1839 quique
703 1777 789 1819 hoc
809 1776 912 1819 loco
945 1792 1069 1836 quam
1092 1776 1323 1837 plurimas,
1358 1792 1468 1836 quae
1489 1778 1681 1823 Helenae

355 1857 532 1903 nomine
552 1854 720 1915 gavisae
743 1862 903 1907 essent,
935 1867 1160 1896 recensere
1178 1851 1388 1895 studuerit
1408 1853 1623 1899 mulieres.

413 1936 438 1987 S
461 1930 503 1974 3.
563 1926 757 1971 Tandem
779 1925 1015 1986 aliquando
1036 1925 1279 1983 videamus,
1300 1926 1400 1987 quid
1421 1928 1681 1973 continuerit

352 2004 593 2051 Palinodia.
655 2003 755 2045 Hoc
790 2017 897 2062 vero
933 2018 987 2045 eo
1023 2012 1087 2045 est
1120 2001 1336 2045 difficilius
1364 2002 1420 2046 ad
1441 2003 1683 2048 diiudican-

354 2081 458 2125 dum
472 2112 485 2135 ‚
515 2092 601 2137 quo
631 2076 778 2119 verior
805 2073 977 2118 videtur
994 2074 1132 2118 Geelii
1154 2090 1244 2118 esse
1263 2077 1474 2119 sententia
1494 2076 1555 2137 (p.
1578 2078 1648 2138 ια)
1665 2110 1680 2135 ,

356 2171 474 2200 »non
496 2151 675 2214 probari
694 2165 819 2210 posse
841 2165 865 2192 e
883 2149 1127 2209 permultis,
1149 2150 1223 2208 qui
1243 2165 1417 2195 carmen
1434 2151 1542 2195 illud
1562 2168 1685 2196 com-

355 2236 650 2275 memorarunt
684 2239 793 2268 eove
824 2234 1103 2284 respexerunt
1130 2234 1229 2284 post
1255 2224 1507 2281 Platonem,
1540 2241 1686 2285 quem-

357 2321 484 2367 quam
528 2300 716 2364 propriis
758 2299 895 2343 oculis
940 2299 1217 2360 inspexisse.''
1298 2300 1524 2362 Ingeniose
1566 2303 1684 2346 enim

358 2379 564 2441 probavit
584 2392 627 2420 v.
650 2375 718 2419 Cl.
733 2406 747 2431 ,
781 2389 935 2418 omnes
956 2374 1055 2417 illos
1084 2389 1135 2418 ex
1154 2389 1245 2418 uno
1265 2374 1449 2420 Platone
1471 2376 1685 2434 hausisse,

358 2470 499 2514 neque
519 2450 755 2512 quidquam
778 2447 1056 2492 tribuendum
1086 2464 1176 2493 esse
1198 2448 1398 2493 Aristidis
1423 2449 1526 2495 loco
1553 2450 1602 2512 (t.
1624 2452 1683 2498 H.

360 2545 406 2589 p.
447 2528 548 2588 572.
592 2524 746 2585 Dind.)
764 2555 776 2580 ,
828 2539 956 2583 quem
999 2523 1238 2568 Kleinianis
1281 2525 1418 2585 copiis
1460 2525 1684 2571 addiderat

400 2711 447 2756 (1)
470 2711 574 2743 Horat.
596 2710 712 2753 Epist.
736 2710 761 2743 1.
786 2711 840 2744 19.
861 2721 906 2744 vs.
927 2711 971 2744 ³1
998 2716 1031 2744 et
1050 2710 1160 2755 Epod.
1182 2711 1216 2743 6.
1236 2721 1283 2744 vs.
1306 2712 1361 2745 13.
1380 2722 1426 2758 sq.
1446 2731 1495 2739 -
1514 2713 1551 2746 V.
1571 2710 1692 2747 Liebel.

353 2770 552 2804 Archilochi
561 2769 694 2813 fragm.
712 2779 744 2812 p.
769 2769 834 2811 14,
858 2768 1012 2802 Welcker.
1030 2769 1256 2813 Hipponactis
1265 2770 1399 2816 fragm.
1419 2781 1453 2815 p.
1475 2772 1531 2803 18.

403 2826 451 2871 (2)
475 2825 578 2869 Sillig.
605 2827 759 2869 Catalog.
785 2827 957 2868 artificum
979 2836 1046 2860 voc.
1073 2824 1222 2870 Bupalus.
