2037 3619
909 364 962 404 57

277 495 391 554 ipsos
414 494 493 536 hos
527 509 666 538 versus
701 497 888 542 alludere
917 501 1070 545 Alexin
1107 503 1158 546 ‘E
1172 503 1197 547 λ
1208 504 1226 547 ε’
1239 523 1262 549 ν
1274 522 1327 561 ης
1354 508 1382 549 ά
1395 525 1417 563 ρ
1430 525 1459 550 π
1470 524 1528 561 ay
1539 517 1583 565 ᾗ,

273 571 359 612 hoc
377 585 527 613 versu:

328 675 573 719 ’Auo'kaoto'g
599 677 710 730 ἐστι,
738 680 805 729 τήν
833 678 877 719 δὲ
905 683 1049 719 πολιᾶν
1079 684 1151 722 οὐκ
1179 684 1405 737 ἐντρέπεται
1432 686 1517 740 (1)·

273 789 346 846 qui
370 789 512 833 iocum
535 791 758 835 continere
781 793 976 836 videatur
1004 794 1058 838 de
1088 796 1191 839 anili
1219 799 1305 841 iam
1331 799 1519 856 Helena5
1545 803 1579 843 si

275 875 509 921 constaret,
554 867 791 909 Her-manni
830 869 1157 912 confirmaretur
1193 874 1377 932 suspicio
1392 908 1404 928 ,
1450 891 1578 932 quam

269 955 393 1000 supra
440 944 802 999 commemoravi,
852 943 1079 1004 Sophoclis
1120 945 1212 990 Ἑλ.
1262 951 1497 1005 ἁρπαγὴν
1535 958 1578 994 et

270 1016 359 1060 Ἑλ.
392 1018 677 1074 ἀπαίτησιν
708 1017 888 1061 eandem
910 1020 1037 1062 fuisse
1058 1020 1263 1064 Fabulam
1285 1054 1297 1077 ‚
1331 1022 1491 1082 duplici
1527 1026 1578 1066 ti-

267 1091 358 1133 tulo
394 1091 606 1135 laudatam
626 1108 637 1136 :
688 1094 749 1136 sic
786 1094 901 1136 enim
936 1096 1144 1152 κωμῳδεῖν
1178 1096 1396 1139 videretur
1433 1098 1576 1141 Alexis

265 1168 310 1210 ἐν
341 1166 433 1211 Ἑλ.
458 1170 685 1225 ἁρπαγῇ
712 1183 876 1211 versum
906 1184 957 1212 ex
985 1169 1211 1229 Sophoclis
1244 1172 1334 1215 Ἑλ.
1362 1176 1426 1230 ἀρ
1443 1182 1578 1231 παγῇ

265 1239 353 1282 sive
383 1243 692 1297 ἀπαιτήσει.

324 1314 453 1368 Quod
490 1326 631 1359 autem
659 1316 763 1360 dicit
786 1317 1055 1361 Hermannus
1076 1319 1232 1377 (praef.
1259 1320 1313 1364 ad
1335 1322 1487 1367 Helen,
1523 1341 1568 1383 p.

254 1390 372 1448 xvu)
393 1421 405 1443 ,
439 1391 529 1448 ipse
566 1390 620 1433 de
658 1398 908 1450 argumento
949 1393 1071 1441 huius
1113 1394 1302 1437 Fabulae
1338 1396 1534 1439 dubitans
1558 1414 1567 1440 :

266 1462 562 1507 »dirimeretur
583 1480 633 1508 ea
656 1464 867 1509 dubitatio
888 1498 900 1521 ,
935 1466 969 1508 si
992 1474 1234 1523 constaret,
1271 1485 1380 1527 quae
1402 1470 1456 1514 de
1477 1473 1570 1514 Cal-

266 1538 418 1581 chante
439 1540 484 1581 in
509 1554 560 1582 ea
578 1539 741 1583 Fabula
757 1540 929 1600 prodita
947 1552 1043 1584 sunt
1063 1574 1074 1596 ‚
1092 1553 1234 1585 utrum
1254 1554 1300 1586 ut
1321 1545 1407 1588 iam
1428 1546 1539 1589 facta
1556 1582 1565 1599 ‚

261 1630 313 1657 an
337 1625 383 1657 ut
407 1615 549 1658 futura
577 1627 817 1662 narrentur.
879 1616 925 1658 Si
946 1624 991 1659 ut
1018 1618 1156 1673 facta,
1187 1619 1230 1661 in
1254 1621 1453 1681 Aegypto
1476 1639 1567 1667 rem

260 1689 328 1749 agi
350 1691 543 1749 oportuit
562 1707 574 1745 3
608 1691 672 1733 sin
689 1702 737 1733 ut
753 1693 894 1733 futura
908 1725 917 1742 ,
940 1692 1098 1735 Troiae
1113 1693 1150 1736 :²⁹
1182 1719 1243 1729 —-
1273 1697 1378 1738 mihi
1395 1698 1566 1756 quidem

259 1774 308 1806 ut
330 1770 415 1807 iam
424 1765 557 1823 faeta
577 1775 745 1808 narrata
760 1764 974 1811 videntur.
1023 1766 1165 1811 Verba
1186 1769 1433 1827 Strabonis,
1460 1789 1569 1831 quae

259 1838 346 1881 huc
375 1840 630 1899 respiciunt,
683 1840 790 1882 haec
821 1848 917 1883 sunt
953 1841 1085 1900 (XIV.
1118 1859 1161 1901 p.
1187 1844 1337 1903 642,):
1387 1846 1494 1901 λέγει
1529 1849 1569 1891 δ’

259 1916 361 1958 αὐτὸ
393 1915 609 1969 Σοφοκλῆς
639 1918 684 1959 ἐν
714 1915 946 1971 εΕλένης·
976 1919 1311 1972 ἀπαιτήσει,
1343 1923 1399 1971 ὥς
1430 1925 1568 1980 εἱμαρ-

256 1991 380 2045 μένον
400 1991 462 2046 εἴη
481 1992 712 2035 ἀποθανεῖν
734 1989 1043 2049 (Calchantem)
1059 2024 1071 2046 ‚
1090 1994 1191 2037 ὅταν
1208 1996 1406 2050 κρείττονι
1421 2001 1566 2042 ἑαυτοῦ

254 2070 398 2121 μάντει
430 2070 649 2123 περιτύχῃ·
680 2057 797 2115 οὗτος
821 2066 865 2108 δὲ
897 2068 967 2108 καὶ
999 2070 1053 2116 εἰς
1080 2067 1276 2112 Κιλικίαν
1294 2072 1563 2128 μεταφέρει

258 2144 334 2196 τὴν
365 2143 451 2197 ἔριν
483 2142 552 2184 καὶ
579 2144 652 2187 τὸν
678 2146 867 2187 θάνατον
902 2147 972 2186 τοῦ
1002 2143 1246 2200 Κάλχαντος
1270 2179 1280 2197 ,
1330 2157 1372 2188 et
1409 2146 1562 2190 deinde

256 2214 318 2274 (p.
344 2213 468 2275 675.)
491 2247 503 2269 ‚
555 2220 709 2272 ταύτην
748 2219 824 2271 τὴν
857 2218 944 2274 ἔριν
980 2234 1039 2273 με
1053 2218 1247 2276 ταφέρο
1261 2236 1320 2263 vo
1334 2239 1347 2263 ι
1361 2238 1385 2265 ν
1430 2223 1532 2266 ἔνιοι
1548 2255 1560 2278 ,

256 2295 446 2347 καθάπερ
477 2294 546 2333 καὶ
577 2292 821 2346 Σοφοκλῆς,
857 2296 912 2341 εἷς
938 2296 1014 2346 τὴν
1042 2294 1267 2349 Κιλικίαν,
1302 2321 1358 2327 —
1390 2301 1459 2340 καὶ
1490 2303 1562 2343 τόν

255 2369 444 2410 θάνατον
476 2366 520 2409 δὲ
545 2366 790 2423 Κάλχαντος
812 2369 996 2412 ἐνταῦθα
1021 2370 1417 2429 παραδιδόασιν
1440 2373 1561 2417 ἄλλοι

292 2597 340 2641 (1)
367 2596 549 2628 »conficere
571 2597 688 2641 possiS‚
722 2598 826 2641 inquit
854 2597 1028 2631 Meinekius
1052 2600 1191 2644 Fragm.
1222 2603 1309 2634 Com.
1338 2604 1396 2635 Gr.
1421 2606 1483 2636 vol.
1510 2607 1563 2638 111.

250 2668 281 2699 p.
294 2656 373 2686 412.
389 2677 399 2694 ‚
423 2652 651 2691 Ἀκόλαστος
676 2648 711 2687 εἷ
732 2672 779 2679 —
800 2654 984 2700 ἐντρέπει.
1030 2657 1098 2689 Nisi
1119 2659 1196 2689 sorte
1216 2659 1335 2703 aliquid
1356 2661 1471 2692 excidit
1496 2664 1565 2705 τὴν

252 2711 297 2745 δὲ
320 2709 450 2745 πολιὰν
474 2710 542 2754 τὴν
565 2711 634 2744 τοῦ
659 2710 798 2757 πατρὸς
826 2709 831 2758 Ι
861 2710 925 2745 οὐκ
949 2712 1205 2759 ἕντρὲπεται.”
1228 2736 1276 2741 ——-
1297 2717 1475 2761 Caeterum,
1510 2721 1563 2752 clf.

243 2781 300 2801 vss.
324 2780 363 2800 ex
381 2769 467 2800 Alex.
493 2767 540 2799 ‘E
552 2767 688 2814 λένῃ,
712 2781 788 2813 quos
811 2781 848 2801 ex
869 2769 974 2801 eadem
995 2771 1073 2803 forte
1095 2771 1210 2804 Fabula
1231 2772 1384 2807 desumtos
1408 2787 1471 2808 esse
1489 2789 1559 2810 con-1

246 2828 321 2861 iecit
344 2825 477 2860 Meinck.
501 2826 535 2859 ll.
562 2838 593 2871 p.
617 2827 692 2859 411.
719 2844 766 2854 —-
788 2827 834 2860 Cl'.
860 2826 976 2860 Welck.
1005 2829 1063 2861 Gr.
1092 2829 1146 2862 Tr.
1173 2841 1204 2873 p.
1226 2830 1301 2862 161.
