2037 3619
648 761 900 837 CAPUT
939 771 1312 839 TERTIUM.

803 928 868 971 DE.
893 928 1166 970 HERODOTO.

875 1148 1098 1168 *¹000-

378 1295 495 1363 Post
515 1319 775 1364 celebratam
799 1318 922 1362 illam
941 1319 1175 1363 Stesichori
1198 1319 1474 1365 Palinodiam
1492 1319 1568 1374 diu
1586 1322 1633 1365 in

320 1394 540 1438 oblivione
579 1394 670 1437 fere
709 1394 841 1437 iacuit
876 1394 1013 1437 altera
1049 1394 1159 1454 haec
1199 1394 1255 1438 de
1291 1394 1457 1438 Helena
1489 1396 1605 1439 fama
1620 1428 1634 1451 ,

318 1483 450 1528 quam
470 1467 693 1530 Euripides
727 1467 971 1529 cognomini
994 1467 1158 1511 Fabula
1182 1480 1350 1513 secutus
1372 1479 1460 1513 est:
1494 1485 1636 1529 neque

318 1543 470 1599 facile,
501 1553 633 1603 puto,
665 1544 900 1601 παράδοξον
929 1542 1042 1585 hanc
1076 1541 1356 1585 traditionem
1386 1544 1433 1585 in
1459 1558 1639 1586 scenam

320 1615 524 1661 ducturus
543 1617 692 1662 fuisset
710 1618 938 1678 Tragicus‚
956 1617 1052 1659 ‘nisi
1082 1632 1220 1675 nuper
1236 1616 1420 1660 similem
1444 1632 1637 1662 comme-

317 1701 548 1748 morasset,
582 1690 686 1752 quin
722 1690 853 1734 etiam
888 1688 1145 1733 defendisset
1166 1688 1413 1734 Herodotus
1438 1691 1553 1735 libro
1575 1692 1636 1739 ΙΙ.

321 1781 419 1825 cap.
447 1781 694 1809 112—120.

378 1842 403 1896 S
438 1855 477 1885 1.
542 1836 672 1895 Quod
701 1839 817 1884 enim
849 1837 902 1883 ad
923 1838 1039 1883 hunc
1060 1836 1276 1883 Herodoti
1298 1838 1445 1883 locum
1465 1840 1637 1902 scripsit

317 1913 646 1956 Valckenaerius
676 1912 955 1972 »Euripidem
974 1913 1160 1972 legerat,
1191 1914 1237 1955 ni
1259 1913 1410 1968 fallor,
1435 1914 1637 1958 Herodo-

318 1986 433 2043 tus,’'
466 1986 604 2030 minus
636 1996 753 2042 recte
774 2001 873 2031 eum
899 1985 1140 2046 scripsisse,
1171 2001 1223 2030 ex
1243 1985 1458 2031 Herodoti
1485 1989 1637 2032 aetatis

319 2061 647 2120 computatione
665 2059 854 2104 ostendit
879 2060 1150 2103 Hermannus
1168 2061 1214 2119 in
1235 2061 1379 2106 Praef.
1402 2061 1459 2104 ad
1478 2063 1633 2107 Helen.

313 2150 469 2197 p.v111.
483 2160 542 2169 —
553 2133 802 2180 Herodotus
810 2134 974 2180 scilicet
986 2133 1386 2196 quumOlympiade
1403 2135 1495 2180 fere
1505 2138 1578 2196 74.
1594 2151 1635 2182 1.

315 2221 439 2254 natus
458 2212 537 2266 sit,
566 2210 734 2253 Helena
764 2221 907 2252 autem
930 2209 1078 2252 fabula
1106 2208 1244 2253 docta.
1257 2210 1431 2270 Olymp.
1455 2227 1532 2269 9¹·
1556 2214 1633 2267 43

317 2285 388 2329 vel
419 2283 691 2328 statuendum
727 2295 814 2339 est,
844 2282 1115 2327 Herodotum
1147 2295 1246 2342 post
1277 2286 1638 2345 septuagesimum

316 2360 463 2402 aetatis
500 2373 661 2401 annum
698 2357 744 2399 in
778 2357 1021 2417 Aegyptum
1056 2356 1298 2417 profectum
1312 2389 1323 2410 ‚
1362 2358 1449 2414 ibi,
1492 2358 1640 2418 »quod

316 2434 486 2496 legisset
502 2431 717 2494 Euripidis
736 2430 1020 2493 tragoediam,
1039 2447 1091 2475 ex
1109 2431 1403 2476 sacerdotibus
1422 2432 1527 2493 quid
1543 2434 1637 2477 veri

315 2520 424 2555 esset
435 2510 481 2553 in
494 2509 568 2552 illa
578 2508 724 2552 fabula
736 2522 827 2552 esse
841 2507 1101 2568 sciscitatum
1115 2507 1154 2563 ξ’
1171 2506 1288 2567 quod
1301 2507 1637 2552 Valckenaerius

313 2595 486 2646 putasse
507 2583 760 2627 Hermanno
780 2581 974 2638 videtur3
997 2582 1067 2626 vel
1089 2581 1353 2625 credendum
1376 2583 1480 2639 erit,
1510 2581 1638 2627 illum

314 2667 451 2704 totam
485 2674 605 2702 suam
644 2659 938 2703 narrationem
971 2673 1023 2702 ex
1052 2657 1256 2718 Euripide
1277 2657 1462 2703 hausisse
1478 2690 1492 2715 ,
1517 2658 1639 2718 quod

312 2735 452 2780 multo
474 2734 612 2778 minus
633 2734 728 2778 veri
753 2733 892 2778 simile
912 2743 989 2777 est.
1053 2732 1304 2790 Praeterea,
1339 2748 1472 2793 quum
1492 2732 1640 2778 Hero-

313 2810 440 2855 dotus
459 2809 669 2856 Historias
690 2824 808 2866 suas»,
831 2809 1050 2870 specimen
1070 2819 1212 2865 certe,
1237 2808 1493 2869 praelegisse
1514 2807 1637 2855 dica-
