2037 3619
1050 373 1105 413 70

419 510 488 552 vel
520 510 668 552 Protei
704 509 812 551 vatis
846 508 963 565 apud
999 508 1242 550 Homerum
1278 520 1420 567 partes
1445 508 1659 552 transtulit
1687 509 1735 550 in

421 584 568 629 filiam.
591 611 648 619 -
675 583 745 625 Ab
782 580 938 625 eodem
969 592 1186 625 mutuatus
1216 593 1279 626 est
1305 583 1530 643 Euripides
1550 582 1738 626 Menelai

421 658 615 718 naufragi
642 657 686 700 in
719 657 961 717 Aegyptum
984 655 1242 713 adventum,
1275 657 1355 700 nisi
1376 660 1536 715 mavis,
1559 663 1737 707 Νόστων

422 733 711 785 narrationem
732 733 772 774 ei
790 733 1062 774 obversatam
1083 747 1197 775 esse:
1222 747 1264 775 v,
1282 746 1411 790 supra
1433 748 1479 790 p.
1512 738 1578 787 14.

481 806 646 867 Cypriis
682 807 812 849 etiam
848 806 1109 850 carminibus
1145 805 1279 850 multa
1310 805 1459 851 debuit
1489 808 1735 868 Euripides,

418 892 466 923 ut
502 883 629 923 initio
669 881 877 923 Fabulae-
899 880 989 939 (νε-
1013 880 1086 924 23.
1120 896 1242 940 sqq.,
1274 880 1331 926 cl.
1367 896 1426 924 vs.
1458 881 1582 941 725.)
1611 884 1738 926 trium

420 955 628 999 Divarum
647 966 867 999 certamen
877 982 881 989 ·
890 954 1142 1013 Paridisque
1151 954 1371 997 judicium
1384 970 1397 1009 ;
1412 955 1457 996 in
1479 955 1563 997 illis
1583 972 1739 1015 nempe

420 1031 520 1074 talia
553 1032 807 1091 legebantur
827 1031 932 1090 (sec.
957 1030 1202 1089 Proclum):
1237 1033 1341 1081 Ζευς
1367 1030 1607 1090 βουλεύεται
1636 1035 1740 1087 μετὰ

418 1113 490 1162 τῆς
525 1108 699 1164 Θέμιδος
734 1109 827 1165 περὶ
865 1114 936 1151 τοῦ
973 1112 1158 1165 Τρωϊκοῦ
1196 1107 1393 1162 πολέμου·
1427 1107 1741 1164 παραγενομένη

417 1183 463 1225 δὲ
483 1182 605 1238 ’Ἑρις
630 1181 919 1239 εὐωχουμένων
945 1186 1059 1226 θεῶν
1088 1183 1134 1226 ἐν
1152 1186 1236 1231 τοῖς
1252 1181 1428 1238 Πηλέως
1445 1187 1591 1237 γάμοις
1609 1185 1741 1232 νεῖκος

416 1259 510 1312 περὶ
547 1256 722 1306 κάλλους
762 1257 965 1312 ἐνίστησιν
998 1255 1202 1313 Ἀθηνᾷ,
1232 1255 1345 1314 Ἥρᾷ
1375 1259 1446 1300 καὶ
1473 1257 1736 1316 Ἀφροδίτῃ,

418 1337 465 1377 αἳ
498 1336 599 1389 πρὸς
627 1332 918 1388 Ἀλέξανδρον
946 1335 992 1376 ἐν
1023 1331 1123 1390 Ἴδῃ
1149 1336 1256 1375 κατὰ
1278 1336 1377 1382 Διὸς
1403 1338 1636 1390 προσταγὴν
1668 1333 1739 1388 ὑφ’

391 1418 395 1422 ’
418 1408 571 1466 “Ερμοῡ
588 1410 687 1464 πρὸς
701 1410 780 1462 τὴν
798 1408 931 1463 κρίσιν
945 1411 1122 1460 ἄγονται
1140 1410 1209 1451 καὶ
1225 1409 1432 1465 προκρίνει
1452 1413 1528 1464 τὴν
1542 1408 1740 1467 Ἀφροδί-

418 1501 495 1541 την
513 1486 709 1540 ἐπαρθεὶς
727 1488 811 1533 τοῖς
827 1483 1000 1539 “Ελένης
1015 1489 1159 1538 γάμοις
1175 1487 1201 1527 ὁ
1214 1484 1495 1541 Ἀλέξανδρος
1509 1503 1545 1528 κ.
1558 1503 1595 1529 τ.
1605 1485 1644 1528 λ.
1658 1484 1737 1544 (1).

416 1559 580 1601 Similia
603 1560 769 1617 saepius
794 1557 1042 1616 Euripides,
1074 1568 1121 1605 ut
1145 1559 1188 1600 in
1213 1559 1356 1618 Iphig.
1380 1562 1484 1604 Aul.
1516 1575 1579 1603 VS.
1610 1575 1737 1618 ¹279·

416 1649 534 1693 sqq.,
565 1633 777 1677 Androm.
815 1648 875 1676 vs.
913 1648 1015 1692 277.
1055 1647 1172 1691 sqq.,
1212 1634 1372 1678 Troad.
1394 1650 1457 1678 vs.
1482 1634 1588 1692 930.
1614 1649 1737 1692 sqq-5

416 1724 502 1767 quo
529 1719 750 1768 postremo
773 1708 873 1750 loco
902 1707 1069 1750 Helena
1097 1706 1211 1750 dona
1243 1719 1489 1763 enumerat,
1524 1723 1633 1767 quae
1653 1709 1739 1751 sin-

419 1783 543 1843 gulae
564 1782 685 1825 Deae
709 1781 854 1824 Paridi
876 1782 1191 1841 promiserant3
1226 1781 1342 1840 quod
1366 1783 1538 1837 nescio,
1573 1798 1627 1825 an
1648 1783 1739 1843 ipse

420 1858 630 1900 invenerit
671 1857 825 1900 Poeta.
851 1881 908 1889 —-—
934 1856 997 1898 Ex
1036 1855 1187 1899 iisdem
1222 1857 1480 1900 carminibus
1503 1857 1566 1916 (2)
1602 1858 1739 1901 hausti

419 1943 516 1974 sunt
535 1947 677 1975 versus
695 1946 788 1990 sqq.
811 1931 985 1991 (Helen.
1009 1946 1069 1975 vs.
1092 1930 1183 1989 38.)

1031 2058 1085 2066 —
1115 2059 1169 2066 —
1198 2039 1245 2074 τοὶ
1275 2035 1369 2075 (Υαῧ
1399 2038 1499 2079 Διὸς

582 2108 819 2156 βουλεύματ’
847 2105 948 2144 ἄλλα
975 2107 1107 2148 τοῖςδε
1135 2106 1347 2157 συμβαίνοι
1378 2114 1529 2149 κακοῖς·

582 2179 755 2226 πόλεμον
783 2177 855 2227 γάρ
884 2177 1105 2228 εἰςήνεγκεν
1136 2177 1333 2225 Ἑλλήνων
1362 2179 1487 2223 χθονὶ

584 2251 651 2285 καὶ
680 2248 802 2298 Φρυξὶ
831 2247 1109 2294 δυστήνοισιν.
1143 2247 1194 2289 ὡς
1225 2246 1346 2293 ὄχλου
1374 2247 1524 2297 βροτῶν

583 2318 762 2365 πλήθους
790 2330 832 2353 τε
862 2319 1071 2364 κουφίσειε
1102 2317 1250 2369 μητέρα
1278 2318 1426 2365 χθόνα.

422 2427 798 2443 ’ῤ-ᾼῇψ--Μ
812 2432 827 2434 ‚r
837 2432 846 2434 -

461 2497 508 2540 (1)
534 2496 676 2528 Eiusdem
699 2498 744 2528 rei
764 2498 826 2528 iam
850 2498 1032 2529 meminerat
1052 2498 1201 2529 Homerus
1223 2498 1327 2529 Iliad.
1350 2497 1461 2528 XXIV.
1487 2497 1555 2533 2&
1588 2505 1681 2539 quem
1704 2502 1750 2528 ta·

417 2565 483 2584 meu
511 2554 612 2585 locum
632 2556 771 2598 spurium
791 2554 971 2587 iudicarunt
993 2555 1184 2587 Aristarchus
1196 2580 1204 2596 ‚
1229 2555 1345 2599 aliique
1370 2554 1411 2598 (v.
1425 2553 1547 2599 Pflngk.
1563 2557 1697 2598 prob'em.
1711 2554 1750 2587 ad

419 2610 486 2641 Eur.
526 2612 639 2642 Ile-len.
668 2625 698 2654 p.
734 2614 790 2655 5),
826 2624 844 2643 a
876 2613 992 2655 quibus
1030 2612 1169 2643 dissentit
1192 2612 1392 2643 Henrichsen.
1430 2613 1484 2643 De
1513 2623 1616 2643 carm.
1651 2613 1750 2655 Cypr-

415 2680 443 2710 Ι).
473 2669 548 2699 102.
574 2679 646 2700 anu.

465 2725 510 2768 (2)
535 2726 713 2769 Cypriorum
749 2739 853 2759 versus
882 2739 911 2759 v.
941 2740 991 2770 ap.
1013 2727 1116 2759 Schol.
1143 2726 1182 2758 ad
1206 2727 1308 2758 Iliad.
1334 2727 1359 2757 1.
1380 2727 1414 2757 5.
1430 2750 1440 2766 ,
1469 2737 1546 2769 quos
1568 2726 1657 2758 valde
1684 2737 1749 2757 cor-

420 2786 523 2822 ruptos
558 2782 718 2813 restituere
751 2784 854 2814 conati
890 2789 963 2814 sunt
999 2782 1122 2827 Pflugk.
1145 2782 1203 2823 ll.‚
1236 2781 1433 2815 Hemichsen.
1455 2782 1491 2815 ll.
1516 2795 1548 2827 p.
1575 2783 1633 2815 36.
1659 2793 1721 2826 sqq.
1738 2805 1748 2824 ,

417 2834 606 2868 Hei-mannus
630 2838 669 2870 ad
698 2840 813 2872 Helen.
842 2839 877 2872 ll.
891 2863 900 2881 ,
924 2839 991 2873 alii.
