2037 3619
1040 317 1097 359 26

406 455 570 501 dictum
608 454 743 500 videri
779 463 922 513 potest
960 452 1247 508 carmz'm’bus,
1283 469 1415 512 quum
1453 465 1727 516 opponantur

408 547 482 587 ea,
516 546 624 591 quae
645 539 792 589 postea
813 528 859 569 in
881 526 1109 570 Palinodia
1128 527 1287 570 cecinit
1307 533 1453 587 poeta.

464 604 727 649 Stesichorus
748 612 866 645 certe
888 609 932 645 et
946 617 1056 644 nova
1070 602 1115 643 in
1131 601 1323 645 Helenae
1346 604 1604 649 calumniam
1625 621 1723 666 pro-

405 680 520 734 tulit,
549 688 593 721 et
614 676 905 720 acerbioribus
928 677 974 719 in
993 691 1089 719 eam
1108 676 1305 719 invectus
1327 687 1392 720 est
1413 680 1579 736 verbis,
1601 697 1727 740 quam

403 753 616 795 Homerus
630 782 644 806 ,
669 751 788 794 cuius
808 749 1004 810 quidem,
1029 760 1136 793 teste
1158 749 1316 793 Ovidio
1337 749 1495 809 (Trist.
1518 754 1574 797 11.
1600 754 1725 814 371),

501 865 598 906 Ilias
622 865 706 919 ipsa
733 865 837 918 quid
863 870 925 905 est
949 865 1028 904 nisi
1055 865 1185 918 turpis
1210 864 1416 915 adultera,
1444 865 1496 905 de
1522 880 1605 919 qua

556 935 669 976 Inter
696 940 916 976 amatorem
944 947 1083 988 pugna
1109 934 1329 988 virumque
1355 933 1467 975 fuit?

401 1052 474 1109 qui
513 1060 657 1094 tamen
692 1065 819 1109 quam
857 1050 1045 1094 clemens
1077 1050 1122 1092 in
1160 1049 1375 1093 Helenam
1411 1049 1567 1105 fuerit,
1606 1050 1731 1094 initio

401 1125 508 1183 Cap.
533 1125 564 1166 1¹
588 1126 846 1169 monuimus.
912 1124 1114 1167 Habebat
1135 1122 1267 1184 igitur
1288 1123 1584 1180 Stesichorus,
1620 1141 1728 1184 quae

397 1204 664 1254 recantaret,
697 1198 787 1241 sive
821 1198 875 1241 ab
900 1196 1067 1241 Helena
1085 1199 1218 1241 iussus
1235 1230 1247 1253 ,
1281 1198 1369 1242 sive
1392 1199 1574 1259 proprio
1596 1199 1641 1242 id
1661 1199 1725 1243 fe-

400 1272 508 1316 cerit
541 1272 743 1332 impulsu.

461 1351 485 1402 S
517 1362 558 1390 2.
619 1347 731 1390 Nam
758 1347 867 1390 haec
901 1345 1090 1390 secunda
1114 1345 1242 1390 nobis
1271 1347 1409 1389 oritur
1430 1347 1649 1405 quaestio,
1678 1347 1732 1391 de

400 1421 660 1464 Palinodiae
679 1426 870 1480 origine,
895 1419 951 1464 de
974 1436 1057 1479 qua
1078 1421 1186 1464 haec
1207 1420 1528 1464 Himerensium
1551 1432 1595 1465 et
1622 1422 1730 1465 Cro-

402 1496 660 1539 toniatarum
681 1496 869 1538 narratio
883 1527 896 1550 ,
929 1494 1103 1554 prodita
1135 1496 1190 1538 ab
1212 1496 1395 1538 Conone
1416 1495 1502 1555 (ap.
1525 1496 1730 1540 Photium

398 1570 514 1614 Bibl.
543 1587 587 1630 p.
616 1569 714 1614 133.
738 1569 809 1615 ed.
834 1568 1055 1628 Bekker.):
1103 1570 1373 1616 »Conserunt
1393 1586 1582 1631 pugnam
1601 1571 1731 1615 Locri

402 1659 504 1687 cum
523 1645 805 1687 Crotoniatis.
867 1644 1217 1686 Crotoniatarum
1240 1643 1327 1686 dux
1348 1644 1568 1687 Autoleon
1581 1645 1730 1688 vulne-

402 1728 523 1761 ratur
555 1734 607 1762 ex
638 1718 835 1761 occulto:
870 1718 943 1776 qui
979 1733 1110 1776 quum
1144 1717 1333 1778 graviter
1354 1717 1598 1773 laboraret,
1632 1734 1729 1763 ora-

402 1791 502 1835 culo
537 1790 766 1843 suadente,
801 1791 971 1834 Leucen
999 1789 1179 1834 insulam
1215 1790 1444 1835 Ponticam
1473 1793 1598 1851 petit.
1660 1794 1728 1837 Ibi

399 1866 581 1909 heroum
619 1866 780 1909 animas
811 1865 1011 1925 precibus
1041 1864 1193 1909 delinit
1208 1896 1221 1921 ,
1254 1866 1542 1926 impetratque
1571 1876 1619 1910 ut
1638 1867 1727 1911 vul-

399 1956 478 1984 nus
516 1940 572 1984 ab
611 1941 747 1983 Aiace
784 1940 927 1983 Locro
961 1950 1152 1985 curetur.
1217 1939 1317 1994 Quo
1349 1940 1495 1996 facto,
1530 1941 1727 1997 Helena,

400 2016 519 2060 cuius
550 2015 694 2059 anima
715 2016 829 2059 inter
858 2015 1012 2059 heroas
1039 2014 1138 2058 illos
1167 2015 1439 2072 versabatur,
1471 2016 1728 2061 Autoleonti

398 2091 649 2149 imperavit,
681 2100 730 2132 ut
745 2090 992 2133 hortaretur
1012 2089 1304 2133 Stesichorum
1324 2089 1380 2133 ad
1397 2097 1730 2136 recantationem

401 2162 776 2223 componendam,
810 2165 845 2207 si
874 2163 1099 2207 oculorum
1125 2164 1263 2207 visum
1290 2164 1373 2208 sibi
1393 2165 1558 2208 restitui
1579 2166 1724 2211 vellet.

400 2239 453 2282 In
485 2237 628 2282 reditu
660 2238 880 2281 Autoleon
912 2238 1161 2282 stesichoro
1191 2249 1360 2283 narrat:
1395 2240 1468 2298 qui
1487 2241 1631 2285 statim
1656 2242 1731 2302 hy-

404 2315 514 2358 mnis
530 2314 576 2357 in
592 2314 806 2358 honorem
822 2313 1015 2358 Helenae
1029 2314 1157 2358 factis
1176 2315 1386 2359 caecitate
1403 2315 1632 2359 liberatur”
1651 2316 1728 2376 (1).

403 2389 556 2433 Paullo
590 2390 716 2433 aliter
747 2389 978 2433 Pausanias
1014 2389 1110 2448 (111.
1141 2405 1209 2449 ¹9·
1244 2406 1313 2435 11.
1336 2406 1378 2436 v,
1401 2390 1548 2436 Klein.
1570 2407 1616 2451 p.
1636 2392 1728 2450 21.)

405 2473 496 2506 tum
530 2464 578 2507 in
608 2464 813 2519 caeteris,
843 2473 935 2507 tum
964 2464 1010 2507 in
1031 2465 1117 2508 his:
1151 2464 1363 2509 Helenam
1385 2465 1608 2525 Leonymo
1628 2465 1727 2528 (pro

449 2722 497 2768 (1)
521 2724 598 2757 Usus
629 2735 698 2760 sum
722 2727 977 2772 interpretatione
1009 2729 1110 2762 Geelii
1133 2739 1166 2773 p.
1192 2729 1227 2762 5.
1251 2746 1276 2753 -
1321 2728 1406 2762 Idem
1431 2730 1495 2762 fere
1520 2735 1642 2775 praeter
1663 2728 1740 2762 Pau-

405 2782 519 2814 suniam
542 2781 636 2816 habet
661 2784 799 2819 nemias
824 2785 863 2819 ad
884 2786 962 2820 mat.
990 2787 1135 2821 Phaedr.
1162 2799 1193 2832 p.
1219 2788 1298 2821 243.
1325 2800 1352 2821 a.
1379 2788 1512 2832 (Welck.
1538 2799 1569 2831 p.
1596 2787 1690 2832 271.)
