2037 3619
1015 370 1069 410 56

540 516 701 561 γυναῖκα
729 505 766 543 δ’
795 506 1020 555 ἐξελόντες,
1056 509 1077 553 ἦ
1109 509 1282 557 θράσσει
1314 510 1424 559 γένυν

535 576 723 630 χρώζουσ’
750 574 896 626 ἕωλον,
925 577 1156 628 γραφιδίοις
1185 576 1400 628 ἐνημμένην
1429 578 1507 634 (1)

376 664 448 720 qui
476 663 510 702 si
550 660 604 701 de
634 670 882 701 senescente
913 661 999 701 iam
1028 660 1195 702 Helena
1226 661 1468 719 accipiendi
1500 673 1618 718 sunt,
1649 670 1695 704 ut

376 735 541 793 accepit
559 734 831 777 Hermannus
845 767 856 789 ,
881 734 936 777 ad
952 734 1161 778 Helenam
1179 751 1230 778 ex
1247 737 1447 795 Aegypto
1469 739 1693 796 repetitam

374 824 447 852 eos
463 808 681 851 retulerim
703 809 871 868 potiu5‚
892 825 1018 867 quam
1034 808 1089 852 ad
1110 810 1416 870 repetitionem
1435 810 1488 853 ab
1502 811 1698 856 Troianis

374 894 474 927 ante
495 884 635 943 ipsum
657 884 846 939 bellum3
881 900 980 926 nam
1014 901 1100 943 quo
1123 896 1320 944 tempore
1344 884 1611 928 Graecorum
1633 887 1696 929 le·-

371 960 459 1019 gati
496 960 749 1019 repetebant
782 960 1022 1017 Helenam,
1068 963 1257 1016 summa,
1293 973 1427 1022 puto,
1458 962 1691 1004 etiamnum

371 1034 556 1079 florebat
593 1035 945 1095 pulchritudine3
1001 1053 1052 1079 ex
1090 1038 1290 1096 Aegypto
1335 1053 1440 1079 vero
1481 1037 1662 1096 repetita
1682 1069 1695 1090 ,

372 1110 511 1152 multo
533 1110 620 1152 iam
644 1121 735 1152 erat
757 1112 1006 1170 provectior
1027 1122 1164 1153 aetate
1182 1143 1193 1165 ,
1228 1111 1526 1170 praeterlapsis
1548 1111 1699 1170 viginti

373 1196 416 1229 et
439 1196 604 1244 septem
627 1186 801 1227 circiter
823 1186 944 1227 annis
970 1196 1070 1245 post
1101 1185 1266 1227 Paridis
1292 1187 1513 1243 rapina1n3
1547 1185 1696 1245 viginti

374 1260 535 1319 quippe
559 1271 658 1303 ante
671 1260 850 1302 Troiam
866 1270 1151 1318 expugnatam
1170 1264 1229 1317 (v.
1247 1260 1379 1302 Hom.
1391 1261 1518 1303 Iliad.
1532 1259 1693 1304 XXIV.

374 1334 525 1393 765.),
567 1345 733 1394 septem
760 1349 865 1376 vero
898 1344 996 1376 ante
1034 1334 1220 1376 Menelai
1260 1335 1306 1375 in
1341 1336 1588 1394 Aegyptum
1622 1333 1697 1377 ad-

371 1420 547 1451 ventum
571 1408 823 1467 (secundum
846 1410 949 1451 Eur.
974 1409 1130 1453 Helen.
1154 1424 1215 1451 vs.
1241 1424 1259 1450 1
1275 1409 1382 1467 12.)-

435 1482 601 1536 Quodsi
623 1494 764 1525 autem
789 1484 1043 1525 sententiam
1068 1484 1226 1524 horum
1258 1498 1453 1525 versuum
1481 1494 1600 1526 recte
1626 1499 1698 1526 ex·

376 1558 528 1617 pressit
568 1557 864 1613 Hermannus,
903 1572 992 1599 non
1028 1556 1233 1599 dissimile
1270 1558 1361 1599 veri
1399 1558 1608 1614 arbitror,
1644 1558 1697 1601 ad

398 1775 445 1818 (1)
470 1774 538 1805 Alia
563 1779 609 1804 est
627 1773 806 1804 coniectura
828 1770 885 1804 Th.
909 1770 1038 1815 Bergkii
1058 1772 1092 1802 in
1114 1772 1307 1803 Zimmerm.
1323 1773 1425 1803 Βίαν.
1454 1773 1554 1804 1835.
1581 1773 1708 1804 N.114.

880 1873 926 1879 —
952 1853 1111 1898 θράσσει
1136 1866 1180 1896 γε
1205 1855 1272 1886 νῦν

624 1912 772 1957 οἴστρου
796 1911 994 1944 ἈῙεν-ἶλεων
1019 1911 1209 1955 &wamiam
1233 1911 1460 1954 ἐνημμένοις.

372 2000 395 2030 i.
420 2009 446 2029 e.
474 1997 643 2029 eximentes
663 1994 848 2035 mulierem,
882 2005 960 2037 quae
984 2004 1067 2025 nunc
1086 1993 1213 2037 quidem
1241 1994 1352 2025 amoris
1371 1994 1532 2025 novaculis
1552 1998 1638 2038 quasi
1660 2008 1709 2026 ar-

370 2054 516 2087 dentibus
534 2053 642 2085 turbat
656 2052 841 2084 Menelaum.
857 2051 996 2082 —llaec
1010 2050 1134 2082 Geelius
1153 2063 1201 2082 me
1222 2052 1344 2083 monuit
1365 2050 1477 2082 »haud
1492 2052 1564 2083 satis
1574 2051 1709 2083 feliciter

373 2123 391 2143 a
417 2110 575 2153 Bergkio,
602 2110 669 2140 viro
692 2108 827 2148 eximi0‚
853 2113 987 2137 correcta
1006 2117 1089 2137 esse:
1117 2117 1275 2149 quumque
1297 2106 1458 2150 Sophoclis
1478 2106 1570 2138 verba
1595 2107 1639 2139 ita
1664 2106 1712 2138 le—

370 2173 484 2213 gantur
508 2165 592 2210 apud
615 2165 812 2197 Erotianum:

597 2251 758 2288 γυναῖκα
784 2244 823 2276 δ’
846 2243 1060 2282 ἐξελόντες,
1088 2243 1110 2284 ἢ
1136 2243 1294 2288 θράσσει
1314 2243 1425 2285 γένυν

596 2316 640 2338 τε
666 2301 709 2342 ὡς
734 2306 800 2337 τοῦ
826 2300 893 2345 μὲν
920 2300 1048 2334 αἴολον
1073 2302 1243 2347 γραφίοις
1266 2300 1481 2345 ἐνημμένοις

374 2390 473 2420 multo
495 2389 625 2431 propius
642 2397 749 2418 verum
773 2385 910 2428 attigisse
930 2383 1030 2416 videri
1052 2384 1274 2415 normannum.
1335 2383 1495 2415 Caeterum
1516 2385 1566 2426 si,
1604 2385 1710 2416 eiectis

374 2454 494 2480 tantum
515 2445 675 2478 vocabulis
699 2443 766 2478 τοῦ
792 2440 883 2485 μὲν,
909 2441 1000 2486 (alios
1030 2443 1114 2474 enim
1140 2440 1238 2473 libros
1256 2442 1395 2473 Erotiani
1423 2441 1570 2485 praebere
1605 2440 1714 2475 ἕωλον

374 2522 430 2553 pro
454 2508 594 2551 αἴολον)
621 2509 762 2551 legatur:

956 2600 1003 2605 ·—-
1027 2580 1052 2623 ἢ
1077 2579 1234 2625 θράσσει
1257 2578 1369 2622 γένυν

659 2645 773 2684 τέως
798 2642 908 2677 ἕωλον
933 2642 1148 2689 γραφιδίοις
1170 2642 1398 2686 ἕνημμὲνην,

377 2735 520 2778 optimam
544 2735 628 2767 exire
653 2733 848 2765 sententiam.
919 2732 1001 2764 Haec
1028 2731 1161 2775 (lenique
1175 2754 1184 2772 ,
1221 2731 1338 2776 quippe
1363 2732 1396 2764 in
1421 2730 1529 2765 sabula
1557 2733 1689 2778 satyrica
1705 2758 1712 2772 ,

372 2793 436 2825 dici
459 2795 593 2836 potuisse
617 2792 655 2824 (le
680 2792 797 2824 Helena
821 2792 914 2823 etiam
937 2798 1006 2823 tum
1030 2791 1137 2823 Troiae
1158 2798 1312 2831 morante,
1339 2792 1510 2835 respicique
1530 2791 1597 2834 ipso
1618 2790 1711 2822 verbs·

381 2847 568 2887 ἐξελόντες
591 2850 714 2882 Troiani
738 2848 817 2881 belli
842 2847 1048 2881 molestiam.''
