2037 3619
968 389 1016 431 71

339 526 398 570 ef.
424 525 574 585 Eurip.
604 526 744 571 Orest.
769 543 830 572 vs.
863 526 990 588 1657.
1011 544 1104 588 sqq.

503 629 591 671 ἐπεὶ
617 633 711 672 θεοὶ
740 635 791 686 τῷ
820 634 931 683 τῆςδε
959 636 1267 685 καλλιστεύματι

501 704 695 749 ’Έλληνας
723 707 781 745 εἰς
810 704 850 741 ἓν
880 707 948 742 καὶ
979 707 1132 755 Φρύγας
1159 704 1368 755 ξυνήγαγον

492 772 689 815 θανάτους
717 773 751 810 τ’
785 772 957 822 ἔθηκαν,
988 772 1039 817 ὡς
1067 772 1304 812 ἀπαντλοῖεν
1332 774 1484 822 χθονὸς

494 841 668 892 ὕβρισμα
694 844 871 890 θνητῶν,
901 842 1085 891 ἀφθόνου
1112 843 1365 894 πληρώματος
1390 841 1467 898 (1).

337 938 380 971 et
400 929 575 972 Electra
596 946 658 974 vs.
689 946 819 989 1291.

494 1039 592 1080 Ζεύς
618 1038 655 1075 ‹5’
671 1067 683 1087 ‚
711 1037 763 1080 ὡς
792 1037 875 1088 ἔρις
902 1037 1056 1089 γένοιτο
1084 1041 1152 1076 καὶ
1181 1039 1302 1086 φόνος
1330 1038 1500 1088 βροτῶν,

495 1107 660 1145 εἴδωλον
691 1106 853 1155 ιΕλείνης
881 1106 1066 1157 ἐξέπεμψ’
1100 1111 1159 1149 εἰς
1187 1107 1330 1145 Ἴλιον.

337 1201 411 1243 ubi
448 1202 647 1261 Camperi
679 1216 768 1244 non
806 1205 1043 1245 necessaria
1080 1214 1143 1246 est
1178 1205 1427 1247 coniectura
1468 1204 1648 1263 legentis

338 1278 513 1335 βροτοῖς,
531 1286 577 1319 ut
591 1277 698 1319 haee
719 1277 773 1320 sit
788 1279 1011 1321 sententia:
1030 1283 1133 1329 Ζεύς
1151 1279 1319 1324 εἴδωλον
1334 1278 1425 1322 Ἑλ.
1446 1278 1644 1334 ἐξέπεμψ’

337 1354 393 1402 εἷς
434 1351 546 1404 ”Ιλ.,
591 1354 647 1401 ὠς
682 1352 843 1405 γένοιτο
876 1357 995 1397 τοῦτο
1040 1356 1085 1397 τὸ
1127 1354 1203 1398 εἷ’ὅ.
1247 1354 1379 1411 ἔριδος
1417 1355 1488 1397 καὶ
1518 1356 1650 1408 φόνου

335 1426 471 1470 αἴτιον
495 1430 580 1475 τοῖς
598 1428 770 1484 βροτοῖς.
801 1449 849 1456 -
880 1425 945 1467 Ad
971 1425 1151 1468 eandem
1177 1426 1432 1469 sententiam
1453 1436 1650 1485 spectare

331 1499 508 1543 'videtur
527 1500 675 1558 Eurip.
699 1499 908 1544 Androm.
934 1516 996 1543 vs·
1024 1500 1128 1544 681.

467 1594 607 1643 Ἑλένη
634 1595 672 1632 δ’
701 1593 900 1645 ἐμόχθησ’
931 1595 1008 1642 οὐχ
1033 1594 1168 1634 ἑκοῦσ’
1194 1594 1285 1633 ἀλλ’
1314 1594 1358 1632 ἐκ
1387 1596 1506 1633 θεῶν.

339 1704 405 1743 et.
440 1691 557 1751 quod
586 1693 715 1735 habet
743 1691 899 1734 Strabo
925 1691 987 1750 (p.
1015 1691 1113 1736 183.
1132 1692 1188 1735 D.
1207 1690 1278 1736 ed.
1299 1691 1415 1750 Cas.)
1441 1707 1466 1735 e
1494 1691 1648 1751 deper-

339 1766 430 1809 dito
463 1765 678 1820 dramate,
708 1764 1020 1825 fragmentum:

496 1864 594 1904 Ζεύς
622 1862 694 1912 γάρ
722 1861 842 1899 κακὸν
868 1858 940 1910 μὲν
970 1864 1122 1911 Τρωσὶ,
1154 1863 1260 1909 πῆμα
1285 1860 1321 1897 δ’
1352 1861 1515 1898 ‘Endon

493 1931 625 1969 θέλων
652 1930 863 1983 γενέσθαι,
894 1931 978 1968 τάδ’
1007 1929 1241 1979 ἐβούλευσεν
1270 1931 1407 1981 πατήρ.

334 2020 406 2061 ubi
442 2019 566 2061 metri
592 2034 715 2061 causa
739 2017 965 2077 legendum
997 2016 1165 2060 videtur
1207 2017 1299 2060 τάδ’
1331 2018 1642 2075 ἐπεβοιίλευσενς

335 2093 553 2153 cognitum
568 2092 682 2135 enim
700 2103 782 2148 est,
799 2093 1038 2151 saepissime
1049 2091 1244 2134 librarios
1259 2091 1393 2134 verba
1403 2094 1644 2151 composita

339 2165 724 2226 praepositionibus
756 2165 1036 2208 truncavisse:
1069 2165 1211 2209 ταῦτ’
1235 2180 1316 2224 pro
1343 2165 1436 2210 τάδ’
1457 2165 1645 2209 coniecit

337 2239 589 2283 Welckerus
617 2239 694 2281 Gr.
722 2240 795 2281 Tr.
817 2254 863 2296 p.
885 2238 992 2289 465,
1028 2239 1101 2295 qui
1123 2239 1202 2280 hos
1223 2253 1364 2279 versus
1386 2238 1646 2282 Cassandrae

334 2311 482 2356 tribuit
523 2311 568 2353 in
612 2309 824 2369 Euripidis
865 2310 1132 2354 Alexandro.
1174 2335 1232 2343 —
1274 2311 1414 2354 Aliam
1448 2310 1503 2355 de
1537 2312 1640 2355 belli

332 2385 506 2428 Troiani
546 2400 669 2428 causa
700 2385 954 2427 sententiam
987 2395 1030 2427 et
1062 2385 1183 2427 »Deo
1222 2385 1361 2426 minus
1393 2385 1638 2446 indignam”

373 2559 423 2603 (1)
439 2559 516 2590 *Huc
538 2558 708 2601 respiciunt
732 2555 941 2588 Valckenaerii
962 2556 1054 2589 verba
1074 2556 1114 2588 ad
1135 2558 1255 2589 Herod.
1279 2558 1320 2589 11.
1352 2559 1438 2590 120:
1465 2559 1653 2603 »Euripidis

326 2615 546 2649 studiosissimo
562 2614 730 2658 Chrysippo
750 2624 811 2645 non
827 2612 989 2657 displicuit
1007 2612 1065 2645 illa
1083 2613 1184 2653 ratio,
1208 2614 1298 2645 cuius
1317 2625 1334 2645 e
1354 2613 1412 2647 lib.
1436 2614 1493 2647 111.
1516 2616 1557 2648 de
1569 2617 1654 2649 Diis

327 2673 421 2707 verba
452 2671 602 2717 quaedam
637 2669 763 2703 exhibet
797 2670 880 2704 Plut.
906 2670 948 2703 11.
974 2682 1006 2713 p.
1042 2670 1142 2702 1049.
1174 2670 1210 2702 B.
1244 2669 1309 2702 καὶ
1344 2670 1410 2704 τὸν
1434 2669 1653 2717 Εὐριπίδην

329 2730 500 2776 μάρτυρα
519 2727 583 2760 καὶ
604 2727 691 2765 τοὺς
707 2725 839 2765 ἄλλους
857 2725 1101 2772 προςάγεται,
1126 2725 1213 2762 τοὺς
1232 2724 1410 2768 λέγοντας
1422 2750 1433 2769 ,
1452 2725 1497 2765 ὦς
1517 2725 1536 2758 ὁ
1556 2727 1654 2773 Τρω-

331 2787 408 2825 ϊκὸς
424 2784 584 2826 πόλεμος
603 2783 675 2818 ὑπὸ
694 2784 767 2817 τῶν
785 2782 889 2817 θεῶν
907 2782 967 2816 ἀπ
978 2794 1032 2815 αν
1043 2793 1066 2814 τ
1078 2781 1161 2826 λήσ
1172 2794 1189 2815 ε
1201 2792 1254 2819 ως
1271 2780 1379 2816 ἕνεκα
1399 2783 1467 2816 τοῦ
1483 2782 1657 2828 πλήθους

339 2843 411 2876 τῶν
433 2839 637 2887 ἀνθρώπων
660 2840 819 2884 γένοιτο.
