2037 3619
890 363 942 404 61

268 500 335 544 15.
362 499 477 558 sqq.)
493 530 505 552 ‚
530 510 698 557 praeter
714 501 979 561 Iphigeniam
999 501 1089 544 sola
1112 502 1289 544 Electra
1307 512 1571 544 memoratur

261 575 591 634 Agamemnonis
618 574 724 620 filia:
762 576 807 618 in
841 577 993 620 Oreste
1023 589 1174 620 contra
1211 576 1289 636 (vs.
1325 575 1447 635 123.)
1484 587 1570 619 tres

259 648 554 705 nominantur,
576 651 916 711 Chrysothemis,
937 652 1158 712 Iphigenia
1177 659 1220 694 et
1244 652 1434 696 Electra.

316 724 367 765 In
398 725 544 783 primis
573 742 676 769 vero
709 743 760 769 ex
789 728 980 770 Helenae
1011 726 1189 769 historia
1222 727 1446 786 apparebit
1479 727 1567 770 hoc

256 798 447 841 variandi
467 800 902 861 studiumEuripidis.
934 802 985 844 In
1003 802 1169 845 Helena
1189 802 1305 843 enim
1323 812 1367 844 et
1387 802 1565 844 Electra

256 871 327 931 (de
346 889 429 933 qua
451 891 552 919 mox
571 875 807 919 videbimus
816 875 845 934 ,)
869 892 1026 919 novam
1041 907 1054 930 ‚
1096 877 1142 918 in
1170 876 1344 934 reliquis
1367 891 1469 919 vero
1500 876 1564 919 fa-

250 947 358 993 bulis
379 950 601 1011 vulgarem
621 950 712 997 fere
733 950 895 995 famam
915 961 1083 995 secutus
1099 960 1188 995 est:
1214 951 1291 994 etsi
1314 966 1366 994 ex
1386 949 1565 994 Hecuba

252 1021 424 1081 quidem
455 1034 499 1067 et
534 1024 799 1080 Troadibus,
831 1024 876 1067 in
908 1024 1060 1083 quibus
1082 1024 1248 1067 Helena
1273 1035 1338 1067 est
1356 1025 1471 1067 inter
1491 1040 1564 1067 ca·

252 1098 386 1155 ptivas
407 1098 627 1153 mulieres,
654 1098 760 1141 nihil
782 1096 997 1140 conficere
1014 1097 1188 1152 licebit,
1211 1096 1561 1156 quandoquidem

250 1169 427 1227 Graeci,
455 1187 601 1215 veram
625 1187 671 1215 se
699 1186 972 1231 recuperasse
1001 1171 1230 1224 Helenam,
1266 1171 1479 1231 putabant
1499 1187 1561 1216 se-

249 1245 435 1289 cundum
467 1263 562 1289 eam
594 1248 725 1289 etiam
755 1246 938 1301 famam,
978 1262 1107 1305 quam
1135 1247 1181 1289 in
1216 1248 1383 1290 Helena
1412 1247 1560 1291 fabula

244 1331 411 1363 secutus
430 1328 494 1363 est
517 1321 757 1380 Euripides.
810 1322 860 1363 In
886 1321 1126 1364 Troadibus
1149 1332 1291 1364 autem
1311 1337 1441 1380 quum
1459 1323 1560 1364 satis

245 1409 395 1438 saevus
414 1385 685 1438 iuHelenam
700 1395 846 1438 fuisset
860 1394 1100 1448 Menelaus,
1120 1409 1300 1453 eamque
1313 1395 1360 1438 in
1376 1394 1560 1439 Graecia

245 1485 406 1529 poenas
428 1485 517 1514 esse
538 1468 756 1524 daturam,
797 1468 979 1512 minatus
1008 1478 1116 1512 esset
1144 1468 1203 1529 (v.
1227 1484 1291 1513 vs.
1317 1467 1437 1529 885.)
1454 1500 1467 1524 ,
1496 1484 1560 1513 se-

242 1543 429 1587 cundum
457 1544 650 1587 Orestem
673 1555 822 1587 contra
844 1543 901 1603 (v,
927 1559 989 1588 vs.
1014 1544 1085 1588 56.
1104 1544 1245 1603 sqq.),
1265 1545 1310 1587 in
1328 1544 1555 1588 Graeciam

240 1635 430 1663 reversus
450 1620 634 1663 mutavit
653 1620 911 1662 sententiam
925 1650 939 1674 ‚
963 1634 1173 1662 summam
1195 1634 1343 1664 curam
1361 1620 1548 1672 habeus,

241 1708 295 1737 ne
323 1692 554 1753 quidquam
585 1692 690 1735 mali
710 1692 772 1735 illi
796 1691 1011 1735 accideret
1032 1691 1108 1751 (cf.
1129 1708 1255 1752 supra
1273 1709 1320 1753 p.
1346 1693 1418 1738 23.
1442 1694 1547 1753 sq.).

238 1768 302 1810 Ex
329 1767 394 1811 his
422 1782 525 1810 vero
550 1766 719 1824 ne‘quis
739 1765 966 1821 conficiat,
991 1782 1043 1810 ex
1066 1766 1281 1827 Euripidis
1304 1778 1448 1811 mente
1467 1784 1549 1827 pro

240 1841 347 1885 falsa
368 1842 450 1885 ista
471 1840 637 1885 Helena
657 1856 798 1884 veram
814 1841 976 1884 interea
996 1855 1273 1901 recuperasse
1284 1841 1546 1887 Menelaum.

238 1918 288 1959 In
306 1917 457 1960 Oreste
477 1916 591 1959 enim
607 1915 823 1975 vulgarem
840 1915 1002 1958 famam
1019 1923 1212 1959 secutum
1230 1932 1321 1958 esse
1338 1916 1516 1959 Poetam
1530 1949 1544 1973 ,

237 2003 414 2053 apparet
435 1998 477 2034 et
500 2006 554 2034 ex
574 1989 713 2033 verbis
733 1988 926 2049 Phrygis,
951 1988 1045 2048 qui,
1067 2003 1198 2048 quum
1218 1988 1405 2046 Helena,
1427 2006 1544 2034 mor-

238 2078 326 2111 tem
356 2067 436 2127 ipsi
466 2065 757 2109 minitantibus
785 2064 935 2107 Oreste
963 2074 1008 2107 et
1035 2062 1219 2123 Pylade,
1244 2063 1540 2126 disparuisset,

237 2143 342 2186 haec
363 2141 528 2203 profert
550 2141 629 2201 (vs.
659 2138 829 2198 1515.):

526 2228 730 2269 Μενέλαος
765 2247 820 2254 --

523 2296 711 2344 ἀνόνητον
740 2295 836 2334 ἀπὸ
866 2300 1064 2346 Τροίας

524 2366 641 2416 ἔλαβε
667 2366 735 2405 τὸν
766 2365 929 2408 Ἑλένας
956 2366 1093 2417 γάμον.

227 2457 270 2494 et
292 2464 343 2493 ex
365 2447 551 2496 Menelai
571 2446 713 2490 verbis
731 2444 785 2489 de
805 2445 1058 2501 interfecta,
1078 2455 1126 2488 ut
1147 2445 1341 2505 putabat,
1364 2446 1530 2491 Helena

234 2526 313 2587 (vs.
344 2523 517 2583 1630.):

522 2593 550 2638 ὦ
578 2601 722 2649 τλῆμον
752 2597 892 2645 Ἑλένη
920 2618 974 2627 -·

518 2667 563 2708 σὲ
592 2671 762 2721 σφάγιον
791 2667 945 2718 sudata*
977 2666 1028 2704 ἐκ
1063 2670 1276 2719 Φρυγῶν;

284 2752 333 2794 ln
345 2749 520 2793 Electra
536 2755 706 2803 contra,
724 2763 857 2808 quum
872 2762 949 2807 per
966 2752 1103 2789 totam
1122 2745 1329 2791 Fabulam
1339 2747 1532 2793 Helenae

197 2810 199 2813 V
225 2827 296 2868 vix
331 2824 571 2868 meminerit
607 2824 767 2878 Poeta,
804 2823 865 2865 sic
886 2832 1054 2876 tamen,
1090 2832 1137 2865 ut
1167 2822 1385 2882 vulgarem
1414 2833 1533 2889 sequi
