2037 3619
712 902 962 987 CAPUT
1000 862 1457 985 sncnmnuu.

887 1079 950 1132 DE
976 1079 1277 1122 STESICHORO.
1311 1109 1326 1113 --

514 1596 698 1659 Dicitur
718 1608 1009 1661 Stesichorus,
1043 1611 1293 1666 vituperium
1314 1623 1445 1668 quum
1474 1619 1597 1654 antea
1617 1610 1744 1654 Hele-

430 1704 512 1733 nae
544 1685 803 1746 scripsisset,
838 1689 1179 1742 occoeeatusque
1202 1694 1311 1728 esset
1343 1694 1575 1743 propterea
1589 1718 1601 1741 ,
1636 1685 1747 1730 cele-

426 1763 663 1807 berrimam
699 1760 818 1802 illam
852 1757 1055 1802 cecinisse
1091 1757 1391 1814 Palinodiam‚
1437 1773 1520 1818 qua
1553 1759 1745 1819 placaret

428 1838 640 1882 Helenam
677 1836 856 1890 iratam,
901 1833 1104 1891 omnique
1139 1832 1340 1877 liberaret
1377 1833 1613 1894 vituperio:
1661 1851 1745 1894 qua

426 1912 563 1968 facta,
583 1910 725 1955 statim
741 1922 1017 1969 recuperasse
1037 1907 1189 1952 visum.
1253 1907 1389 1951 Huius
1410 1920 1552 1953 autem
1572 1909 1746 1954 Palino-

429 1986 550 2041 diae,
584 2000 667 2043 qua
697 1984 845 2027 nititur
873 1993 966 2026 tota
990 1981 1133 2025 fabula
1152 1981 1404 2042 Euripidea,
1436 1994 1485 2026 ut
1506 1984 1655 2027 melius
1677 2001 1748 2028 ex-

426 2060 600 2120 plorare
620 2060 831 2118 possimus
850 2062 1145 2117 argumentum
1163 2064 1206 2099 et
1225 2073 1508 2117 cognoscere,
1528 2069 1621 2102 tota
1640 2060 1748 2103 haec

432 2150 559 2179 causa
591 2133 861 2177 Stesichorea
891 2131 1013 2174 altius
1041 2132 1123 2175 erit
1157 2131 1391 2192 repetenda
1426 2131 1750 2195 indagandaque

434 2210 691 2255 accuratius.
704 2234 760 2241 ——
775 2207 871 2262 Qua
889 2207 932 2250 in
956 2223 1003 2250 re
1023 2207 1057 2250 si
1077 2207 1183 2250 nihil
1202 2218 1366 2252 certum
1388 2208 1575 2252 effecero
1597 2209 1753 2253 omnis-

436 2302 519 2345 que
549 2299 698 2346 expers
734 2282 1031 2338 dubitationis‚
1070 2281 1200 2326 facile
1228 2283 1477 2344 ignoscent,
1508 2295 1751 2344 perspectas

438 2360 510 2418 qui
527 2359 687 2403 habent
706 2356 998 2412 difficultates,
1033 2357 1198 2415 quantis
1218 2357 1476 2416 impediatur
1501 2357 1609 2401 haec
1631 2373 1755 2417 quae·

436 2436 543 2490 stio,
569 2433 726 2494 quique
744 2433 909 2487 sciunt,
939 2447 994 2475 ne
1015 2430 1284 2475 doctissimos
1307 2430 1479 2491 quidem
1500 2433 1614 2476 viros
1635 2432 1754 2492 quid-

441 2523 567 2567 quam
586 2508 666 2549 nisi
685 2508 952 2550 coniecturas
968 2506 1154 2566 potuisse
1174 2506 1383 2566 proferre.
1434 2506 1546 2550 Nam
1565 2507 1638 2567 qui
1654 2517 1753 2568 post

442 2580 661 2625 Kleinium
682 2579 745 2638 (1)
776 2580 967 2623 omnium
996 2580 1277 2639 prolixissime
1311 2579 1366 2623 de
1395 2580 1642 2626 stesichoro
1668 2583 1755 2642 egit

483 2762 530 2807 (1)
555 2762 743 2794 Stesichori
776 2761 987 2792 Ilimeronsis
1011 2761 1223 2805 fragmenta.
1271 2759 1418 2805 Collegit,
1453 2760 1693 2796 dissertationem
1726 2761 1762 2793 de

437 2821 500 2852 vita
525 2825 555 2850 et
579 2820 662 2862 poesi
686 2819 817 2850 auctoris
842 2818 994 2861 praemisit
1019 2818 1052 2849 0.
1079 2817 1110 2848 F.
1137 2816 1258 2849 Kleine.
1285 2817 1383 2850 Berol.
1411 2819 1511 2850 1828.
