2037 3619
999 376 1054 416 32

518 559 524 568 ³
624 530 644 552 »
657 535 708 543 —
736 510 963 565 Lycambae
987 516 1145 564 spretus
1170 511 1297 553 infido
1322 516 1473 567 gener''
1606 559 1609 562 ¹

431 600 516 624 »—
536 594 699 636 sponsae
725 580 921 633 laqueum
947 579 1100 619 famoso
1125 582 1308 621 carmine
1336 584 1490 624 nectit''
1517 583 1592 639 (1).

354 674 424 717 vel
450 674 577 716 etiam
605 687 704 714 cum
727 670 1011 729 Hipponactis
1036 669 1238 724 historia,
1273 672 1345 728 qui
1368 672 1426 714 ob
1449 674 1674 716 matrimo*

355 748 491 802 nium,
510 744 627 805 quod
649 761 747 788 cum
770 744 924 804 Bupali
945 744 1034 787 filia
1055 744 1229 787 volebat
1249 744 1383 800 inire,
1404 727 1670 803 recusatum,

354 836 481 865 »acer
507 821 641 864 hostis
665 818 855 879 Bupalo’'
881 818 942 877 ad·
961 819 1161 877 laqueum
1195 834 1270 863 eos
1291 819 1546 880 compulisse
1570 821 1679 865 dici·

353 908 437 941 tur.
497 896 634 940 Recte
651 906 874 956 praeterea
893 886 1078 956 Silligi'us
1087 894 1151 954 (2)
1173 894 1462 951 demonstrat,
1478 894 1589 939 male
1598 897 1681 940 Ar·

354 973 551 1018 chelaum
589 988 689 1016 cum
725 970 960 1014 Stesichori
995 970 1173 1013 historia
1215 971 1397 1014 iunxisse
1433 970 1645 1031 Bupalum
1662 1002 1676 1026 ,

355 1048 564 1092 artificem
598 1046 720 1090 illum
747 1045 1101 1100 celeberrimum3
1128 1044 1276 1104 (alium
1310 1056 1454 1089 autem
1488 1046 1525 1089 si
1557 1045 1681 1090 intel·

351 1125 522 1168 lexisset
544 1121 774 1181 Bupalum,
794 1119 1042 1171 addidisset,
1066 1130 1197 1179 puto,
1220 1120 1498 1179 Archelausz)
1532 1121 1678 1181 »inep-

354 1206 445 1243 tum
462 1196 577 1241 enim
595 1194 710 1238 foret
728 1192 905 1237 credere
919 1225 932 1248 ,
955 1193 1095 1252 inquit
1112 1192 1322 1254 Silligius,
1342 1210 1469 1237 unam
1489 1195 1677 1254 puellam

354 1284 398 1317 et
419 1273 473 1316 ab
494 1269 743 1314 stesichoro
756 1300 769 1324 ,
791 1267 864 1326 qui
886 1280 1000 1310 anno
1022 1266 1107 1312 553
1126 1282 1290 1311 summa
1305 1278 1527 1312 senectute
1543 1268 1677 1324 obiit,

358 1359 402 1391 et
437 1363 463 1390 a
494 1344 685 1405 Bupalo,
725 1343 796 1401 qui
831 1357 945 1384 anno
983 1341 1068 1384 520
1113 1343 1242 1384 etiarn
1281 1353 1416 1385 artem
1461 1345 1649 1387 exercuit
1663 1373 1674 1395 ‚

357 1432 546 1467 amatam
564 1418 706 1463 fuisse.
770 1415 1022 1460 Grandaeva
1042 1427 1158 1460 certe
1183 1415 1328 1461 fuisset
1348 1418 1427 1462 ista
1447 1418 1678 1478 puellula.''

355 1499 504 1555 Itaque
526 1509 616 1537 non
646 1507 751 1535 curo
772 1492 884 1533 hanc
911 1489 1114 1533 Archelai
1141 1492 1456 1547 narrationem,
1489 1508 1681 1551 praeser-

357 1572 437 1616 tim
458 1568 713 1613 Ptolemaeo
733 1565 968 1620 referente,
991 1565 1087 1623 qui,
1121 1564 1311 1608 veritatis
1333 1580 1487 1625 parum
1506 1581 1684 1623 curans,

355 1645 637 1699 undecunque
676 1639 859 1680 maxime
896 1640 1154 1694 παραδόξους
1198 1641 1536 1681 narratiunculas
1575 1655 1683 1682 con-

357 1718 554 1780 gesserit,
573 1728 707 1758 novas
725 1712 890 1755 scilicet
909 1717 1029 1756 novis
1050 1713 1136 1755 suis
1157 1712 1348 1755 historiis
1367 1713 1542 1758 fabellas
1562 1713 1683 1758 addi-

356 1804 497 1847 turus,
528 1790 684 1849 quique
703 1788 789 1829 hoc
809 1786 912 1829 loco
945 1802 1070 1845 quam
1093 1786 1298 1846 plurimas
1312 1819 1324 1841 ,
1359 1802 1469 1846 quae
1490 1788 1682 1832 Helenae

355 1867 532 1912 nomine
552 1863 720 1924 gavisae
743 1872 903 1916 essent,
936 1877 1160 1905 recensere
1179 1861 1388 1905 studuerit
1410 1863 1623 1908 mulieres.

414 1945 438 1996 3
461 1940 503 1983 3.
564 1936 757 1980 Tandem
780 1935 1015 1995 aliquando
1037 1935 1280 1992 videamus,
1301 1936 1401 1996 quid
1422 1938 1682 1982 continuerit

353 2013 593 2061 Palinodia.
656 2012 756 2054 Hoc
791 2027 898 2054 vero
934 2027 988 2054 eo
1024 2022 1088 2054 est
1122 2010 1337 2055 difficilius
1366 2011 1421 2055 ad
1443 2012 1684 2058 diiudican-

354 2092 458 2136 dum
472 2123 485 2146 ,
515 2104 601 2148 quo
632 2088 778 2130 verior
806 2084 978 2128 videtur
995 2085 1133 2129 Geelii
1156 2102 1245 2129 esse
1265 2088 1475 2130 sententia
1495 2088 1556 2147 (p.
1580 2089 1681 2148 12),

357 2182 474 2211 »non
496 2162 675 2224 probari
695 2175 820 2220 posse
842 2175 866 2203 e
884 2160 1127 2219 permultis,
1151 2161 1223 2219 qui
1245 2176 1417 2205 carmen
1436 2161 1543 2205 illud
1563 2179 1686 2206 com-

356 2248 650 2285 memorarunt
685 2250 794 2279 eove
825 2246 1103 2295 respexerunt
1131 2245 1230 2295 post
1257 2236 1507 2293 Platonem,
1542 2252 1687 2297 quem·-

358 2332 485 2377 quam
529 2312 716 2374 propriis
759 2311 895 2353 oculis
941 2310 1217 2370 inspexisse.”
1299 2312 1525 2371 Ingeniose
1567 2314 1685 2356 enim

359 2389 565 2451 probavit
585 2402 627 2431 v.
651 2385 718 2430 Cl.
734 2417 747 2441 ,
782 2399 936 2428 omnes
957 2384 1055 2428 illos
1085 2400 1135 2428 ex
1156 2400 1245 2428 uno
1267 2384 1450 2430 Platone
1473 2386 1686 2445 hausisse,

359 2482 499 2524 neque
521 2462 755 2523 quidquam
779 2459 1056 2503 tribuendum
1087 2476 1177 2503 esse
1200 2461 1398 2504 Aristidis
1425 2462 1526 2506 loco
1555 2462 1603 2522 (t.
1625 2464 1684 2508 Π.

361 2557 407 2601 p.
448 2539 549 2599 572.
593 2535 747 2596 Dind.)
765 2568 777 2592 ,
830 2551 957 2595 quem
1000 2534 1238 2580 Kleinianis
1283 2536 1419 2597 copiis
1461 2536 1685 2583 addiderat

401 2723 448 2767 (1)
471 2722 575 2755 Horat.
597 2722 713 2764 Epist.
737 2721 762 2754 1.
787 2722 841 2755 19.
863 2734 906 2755 vs.
929 2723 972 2755 31
999 2729 1032 2755 et
1052 2722 1160 2765 Epod.
1184 2723 1217 2754 6.
1237 2734 1283 2755 vs.
1307 2724 1362 2756 13.
1382 2734 1427 2768 sq.
1448 2743 1496 2750 —
1516 2725 1552 2757 V.
1572 2722 1694 2757 Liebel.

354 2781 553 2813 Archilochi
562 2780 694 2824 fragm.
713 2790 745 2823 p.
771 2780 835 2821 14,
859 2779 1013 2812 Welcker.
1032 2780 1257 2823 Hipponactis
1267 2780 1400 2827 fragm.
1421 2791 1453 2826 p.
1477 2782 1532 2814 12.

404 2837 451 2881 (2)
476 2836 579 2879 Sillig.
606 2838 759 2880 Catalog.
787 2838 958 2878 artificum
980 2847 1047 2870 voc.
1074 2835 1223 2880 Bupalus.
