2037 3619
890 307 946 349 59

418 447 584 493 Κάλχας
611 445 684 497 γὰρ
712 447 784 486 οὐκ
812 442 892 485 εἶπ’
926 446 1012 486 οὐδ’
1038 445 1206 496 ἐσήμηνε
1235 447 1413 497 στρατῷ,

418 514 585 564 νεφέλης
612 515 713 569 ὅπερ
739 516 988 566 θνήσκοντας
1015 519 1176 569 εῑςορῶν
1204 518 1364 565 φίλους.

318 600 484 658 Itaque,
533 601 579 643 in
613 601 812 661 Aegypto
852 611 1096 644 versantem
1129 600 1340 643 Helenam
1375 600 1411 643 si
1453 598 1577 643 finxit

257 673 518 733 Sophocles,
561 676 805 736 exemplum
837 676 1120 731 habebimus,
1153 675 1271 718 hunc
1298 675 1383 718 iam
1416 691 1442 718 a
1474 676 1576 718 trita

261 750 477 808 hucusque
498 750 565 794 via
588 749 831 807 deflexisse,
859 757 1134 809 vetustosque
1153 761 1343 793 sacratos
1361 749 1453 793 fere
1476 749 1577 792 reli·

261 825 399 881 quisse
411 826 597 884 mythos5
611 826 787 868 unicum
801 835 941 867 autem
954 825 1058 868 licet
1069 825 1156 867 hoc
1168 824 1296 867 fuerit
1311 824 1572 883 exemplum,

259 913 347 941 non
369 898 519 943 licebit
541 911 686 944 tamen
707 915 732 943 a
758 900 988 959 posteriori
1010 899 1279 952 ratiocinari,
1312 898 1577 958 Sophoclem

260 987 348 1017 non
370 989 422 1018 ex
438 975 638 1035 Aegypto
653 975 881 1035 repetitam
898 973 1069 1017 finxisse
1090 973 1323 1030 Helenam,
1343 983 1576 1034 propterea

260 1047 377 1106 quod
411 1049 597 1093 alienum
624 1051 680 1092 sit
709 1050 764 1092 ab
793 1049 884 1092 eius
912 1049 959 1091 in
987 1047 1207 1091 tradendis
1238 1047 1394 1107 mythis
1416 1066 1574 1107 χαρα-

263 1127 354 1180 τῆρι
372 1122 451 1182 (1).
502 1122 750 1182 Aliquando
765 1155 779 1179 ‚
802 1133 851 1166 ut
871 1122 1084 1175 arbitror,
1107 1122 1164 1183 ab
1183 1122 1261 1165 illo
1285 1137 1408 1165 more
1430 1138 1481 1165 ac
1502 1137 1577 1166 sua

262 1196 569 1240 consuetudine
606 1196 843 1240 declinasse
864 1197 1027 1256 potuit,
1063 1206 1108 1239 et
1131 1194 1324 1238 adducor
1342 1211 1576 1255 propemo-

260 1269 385 1325 dum,
409 1282 459 1314 ιιι
475 1272 548 1314 hio
565 1285 767 1331 usurpem
796 1271 946 1313 tritum
966 1270 1074 1313 illud
1097 1271 1325 1328 »exceptio
1344 1270 1578 1313 confirmat

258 1344 491 1406 regulam.”
533 1367 588 1375 -—-
633 1344 782 1388 Simile
809 1345 1017 1387 habemus
1044 1343 1289 1403 exemplum
1327 1344 1579 1403 antiquioris

261 1419 393 1463 etiam
413 1419 589 1479 tragici,
611 1417 868 1477 Phrynichi‚
898 1419 971 1477 qui
996 1418 1241 1473 Μιλήτου
1270 1417 1464 1464 ἅλωσιν
1499 1417 1578 1460 do-

262 1492 353 1537 cuit
381 1490 686 1552 Tragoediam,
722 1506 810 1535 non
831 1491 1011 1552 petitam
1034 1491 1152 1535 illam
1176 1507 1228 1535 ex
1248 1492 1423 1535 vetustis
1445 1490 1576 1535 tradi-

259 1566 472 1620 tionibus,
504 1564 581 1608 sed
605 1581 657 1608 ex
680 1566 859 1608 historia
879 1566 1185 1608 recentissima.

322 1644 346 1695 S
366 1656 409 1684 2.
458 1639 726 1682 Liberiorem
755 1645 896 1695 certe,
918 1654 1046 1697 quam
1071 1639 1335 1698 superiores,
1362 1639 1576 1683 rationem

261 1714 358 1774 iniit
376 1711 625 1772 Euripides,
656 1713 753 1771 qui,
776 1714 1054 1772 Anaxagorae
1076 1711 1331 1771 discipulus,
1367 1713 1422 1755 de
1445 1729 1578 1756 scena

252 1787 535 1848 philosophus
576 1786 640 1847 (2)
655 1818 668 1842 ,
708 1794 752 1830 et
788 1786 1120 1846 philosophandi
1157 1787 1299 1830 studio
1333 1787 1577 1831 fabularum

260 1864 499 1919 οἰκονομίαν
519 1876 650 1921 saepe
675 1861 1000 1916 accomodavit,
1030 1871 1074 1904 et
1096 1862 1151 1903 ab
1172 1861 1353 1904 Homeri
1375 1862 1575 1921 Cyclico-

259 1951 440 1994 rumque
460 1933 765 1978 traditionibus
785 1934 847 1977 ita
865 1948 992 1993 saepe
1012 1931 1187 1976 deflexit
1201 1965 1214 1989 ,
1246 1944 1293 1977 ut
1314 1950 1424 1977 nova
1444 1934 1572 1995 plane

261 2011 457 2071 proferre
499 2008 694 2053 videatur
729 2008 812 2068 (3).
875 2009 1005 2052 Cuius
1037 2008 1103 2051 rei
1139 2023 1264 2052 causa
1300 2010 1348 2052 in
1365 2003 1368 2004 ⁷
1386 2010 1480 2068 ipsa
1511 2020 1576 2053 est

303 2169 351 2213 (1)
382 2179 414 2200 v.
438 2167 560 2200 Welck.
594 2166 618 2198 l.
643 2166 668 2198 l.
701 2176 735 2209 p.
761 2166 840 2197 118.
887 2152 1023 2196 »Dieser
1051 2162 1133 2195 Stoff
1158 2167 1270 2196 mfiaete
1305 2163 1360 2196 bei
1391 2163 1583 2207 Sophokles,

255 2238 347 2260 wenn
379 2225 528 2258 wirklich
566 2230 663 2257 etwas
700 2219 816 2256 darauf
850 2219 1062 2254 hinzudeuten
1092 2219 1218 2253 schiene
1234 2244 1244 2262 ,
1287 2219 1342 2253 das
1373 2223 1488 2265 gxiisste
1521 2221 1584 2253 Be·-

253 2284 392 2319 sremden
415 2294 562 2328 erregen:
600 2294 633 2314 so
655 2293 710 2326 gar
731 2280 802 2312 sehr
824 2281 865 2311 ist
885 2288 919 2310 er
943 2289 1003 2310 von
1026 2277 1097 2309 dem
1124 2277 1312 2310 Geschmack
1334 2278 1400 2310 und
1424 2277 1481 2310 der
1500 2278 1582 2311 Cha-

255 2341 436 2376 rakteristik
459 2340 512 2374 des
533 2338 703 2384 Sophokles
731 2338 776 2370 im
805 2334 999 2381 Mythischen
1021 2333 1267 2368 ahweichend.”
1290 2331 1339 2368 Cf.
1358 2345 1452 2380 supra
1468 2345 1502 2379 p.
1520 2336 1578 2368 53.

256 2399 455 2503 ἃὼξὲῗὲὶυο
475 2453 528 2487 hie
546 2452 719 2486 versiculus
740 2462 791 2496 ap.
807 2449 918 2483 Schol.
940 2450 1034 2483 Arist.
1056 2449 1146 2482 Nub.
1174 2450 1251 2482 145.

454 2521 577 2560 Σοφὸς
598 2518 814 2561 Σοφοκλῆς,
840 2514 1046 2562 σοφώτερος
1070 2515 1110 2548 δ’
1132 2514 1349 2561 Εὐριπίδης
1365 2539 1376 2557 ,

449 2576 595 2625 ἀνδρῶν
619 2575 665 2611 δὲ
689 2575 835 2610 πάντων
860 2571 1059 2619 Σωκράτης
1082 2570 1306 2612 σοφώτατος.

256 2650 436 2688 Caeterum,
460 2646 499 2679 de
521 2646 760 2689 Anaxagoreis
780 2644 815 2676 in
838 2640 984 2686 Euripide
1006 2651 1037 2673 v·
1061 2639 1171 2672 Valck.
1195 2640 1312 2671 Diatr.

309 2707 357 2753 (3)
380 2706 472 2739 Recte
498 2703 617 2737 iudicat
640 2701 735 2735 Elink
757 2699 861 2735 Sterk.
895 2698 933 2733 de
966 2697 1070 2732 Labd.
1102 2697 1187 2730 hist.
1218 2707 1251 2740 p.
1278 2696 1341 2729 15:
1378 2706 1396 2728 »
1410 2694 1582 2742 Aeschylus

253 2766 418 2798 Homerum
442 2764 476 2796 in
498 2762 608 2806 primis
621 2784 631 2803 ,
655 2759 821 2802 Sophocles
841 2758 976 2802 Cyclicos
995 2767 1084 2799 saepe
1104 2754 1241 2798 aliosque
1265 2760 1389 2786 secutus
1410 2761 1467 2787 est.
1505 2755 1581 2788 Nam
