2037 3619
1093 357 1150 398 82

472 497 558 540 Alii
580 496 753 548 dicunt,
776 509 800 535 a
831 492 992 534 Proteo
1026 491 1200 550 quidem
1230 491 1374 542 Paridi
1401 493 1610 537 Helenam
1649 493 1790 537 subla·

473 583 562 615 tam
579 581 623 615 et
642 566 897 628 quibusdam
914 565 1167 625 disciplinis,
1185 565 1396 609 fantasma
1409 567 1454 609 in
1470 567 1794 613 similitudinem

474 646 667 689 Helenae
688 640 838 685 Paridi
874 640 1022 685 datam
1038 672 1053 697 ,
1086 639 1203 699 quod
1230 641 1365 684 etiam
1383 641 1623 688 Homerum
1646 643 1797 689 volunt

475 718 662 779 tetigisse
703 715 944 772 subtiliter,
977 715 1054 759 ubi
1089 716 1255 760 Aeneas
1292 731 1317 759 a
1353 715 1558 776 Neptuno
1594 720 1793 779 apposita

472 794 589 837 nube
619 792 830 835 liberatur
860 789 981 850 (1):’'
1010 801 1055 834 et
1084 790 1136 833 ad
1158 791 1271 834 Aen.
1294 791 1354 835 11.
1387 790 1513 834 601.:
1557 792 1796 841 »Helenam

473 867 654 928 legimus
669 865 786 926 prius
803 880 828 908 a
843 864 1011 907 Theseo
1029 874 1217 924 raptam,
1238 874 1282 907 et
1301 864 1346 907 in
1363 865 1561 925 Aegypto
1579 880 1798 912 commen·

472 942 620 987 datam
647 941 828 986 Proteo.
891 940 1007 1000 (Alia
1036 940 1179 984 fabula
1197 956 1221 984 a
1241 939 1397 984 Paride
1416 951 1583 1000 raptam
1595 974 1611 997 ‚
1633 953 1677 985 et
1696 958 1797 987 cum

472 1016 528 1062 ad
550 1019 796 1078 Aegyptum
819 1030 918 1060 cum
935 1030 990 1059 eo
1012 1015 1112 1059 isset
1125 1048 1138 1071 ,
1169 1029 1193 1058 a
1210 1014 1372 1059 Proteo
1391 1048 1417 1071 ‚,
1439 1015 1615 1077 cognito
1636 1027 1767 1077 raptu
1781 1052 1794 1071 ,

473 1093 739 1135 subtractam
773 1090 923 1133 Paridi
966 1089 1135 1148 dicit.)”
1212 1090 1352 1132 Porro
1387 1089 1444 1132 ad
1474 1093 1586 1136 Aen.
1624 1092 1681 1134 X.
1722 1107 1797 1150 92.

470 1165 597 1210 aliam
619 1180 761 1209 rursus
783 1165 918 1209 habet
939 1164 1163 1207 historiam
1184 1163 1239 1207 de
1261 1163 1417 1224 Sparta
1439 1180 1464 1207 a
1485 1165 1645 1210 Paride
1662 1181 1797 1227 expu-

468 1251 626 1300 gnata:
662 1240 916 1298 quibuscum
947 1238 1214 1281 conveniunt
1248 1253 1360 1296 quae
1395 1239 1526 1282 habet
1548 1239 1793 1296 Lactantius

466 1314 520 1359 ad
550 1314 675 1358 Statii
706 1313 868 1357 Achill.
885 1313 922 1356 Ι.
948 1328 1020 1357 21.
1044 1323 1089 1356 et
1107 1312 1163 1357 H.
1184 1312 1217 1358 f.
1246 1338 1301 1347 —
1323 1312 1496 1357 Servius
1526 1313 1713 1374 denique
1735 1314 1792 1360 ad

469 1393 583 1435 Aen.
605 1390 684 1433 Xl.
709 1389 811 1433 262.
844 1387 1093 1431 »Menelaus
1126 1386 1181 1431 ad
1209 1388 1453 1448 Aegyptum
1481 1404 1613 1448 usque
1649 1406 1795 1450 perve-

468 1464 666 1519 nit,-ubi
706 1464 889 1507 Proteus
922 1468 1203 1521 regnaverat:
1239 1463 1308 1504 cui
1344 1462 1576 1520 aliquando
1612 1478 1738 1526 rapta
1766 1484 1792 1510 a

466 1541 634 1583 Theseo
672 1539 841 1581 Helena
876 1536 1034 1579 dicitur
1070 1536 1389 1579 commendata.
1451 1537 1579 1580 Unde
1613 1540 1788 1596 quidam

467 1612 641 1667 dicunt,
672 1608 793 1669 quod
827 1608 882 1653 ad
921 1624 1017 1652 eam
1050 1607 1283 1668 petendam
1305 1608 1531 1654 Menelaus
1563 1611 1618 1655 ad
1652 1614 1793 1674 Aegy·

466 1698 589 1746 ptum
608 1685 831 1744 profectus
851 1684 905 1725 sit
920 1694 1019 1741 post
1034 1683 1148 1725 bella
1160 1683 1366 1726 Troiana.
1411 1683 1598 1737 Quidam
1620 1686 1793 1744 volunt,

468 1776 551 1805 nec
571 1770 742 1820 raptam
765 1774 856 1802 esse
879 1773 906 1801 a
927 1756 1083 1801 Paride
1104 1757 1340 1803 Helename
1373 1758 1449 1802 sed
1473 1760 1600 1804 aliam
1622 1778 1792 1807 causam

469 1835 573 1879 belli
605 1834 733 1878 fuisse
754 1832 963 1889 Troiani,
993 1831 1113 1876 illam
1151 1832 1244 1877 scil.
1265 1832 1383 1892 quod
1414 1833 1648 1880 Herculem
1668 1853 1794 1896 quae·

467 1920 634 1952 rentem
670 1908 829 1967 Hylam
859 1907 1076 1965 suscipere
1111 1907 1358 1950 noluerunt.
1422 1907 1508 1962 Qui
1542 1921 1688 1955 autem
1713 1929 1789 1956 vo-

468 1984 563 2027 lunt
586 2000 680 2027 eam
703 1990 874 2043 raptam
897 1998 921 2026 a
939 1981 1097 2025 Paride
1113 2013 1128 2037 ,
1160 1983 1248 2025 hoc
1270 1982 1419 2026 dicunt
1433 2013 1453 2037 n,
1481 1984 1599 2041 quod
1611 1998 1793 2046 recepta

468 2074 494 2102 a
515 2059 677 2102 Proteo
689 2090 702 2113 ‚
725 2073 804 2118 per
824 2057 1037 2100 Theseum
1054 2055 1109 2100 ad
1124 2056 1371 2100 Menelaum
1385 2059 1624 2103 transitum
1640 2060 1793 2106 fecerit

468 2145 512 2178 et
528 2135 591 2177 sic
609 2150 705 2177 eam
724 2134 845 2176 Paris
863 2131 1095 2192 rapuerit.’'

531 2209 646 2252 Mire
682 2208 921 2252 Scholiasta
955 2206 1012 2249 ad
1032 2205 1218 2250 Aristid.
1245 2205 1306 2266 (p.
1331 2205 1404 2250 56.
1429 2206 1501 2252 ed.
1528 2208 1791 2267 Frommel.,

471 2284 526 2328 fr.
546 2283 619 2338 45.
636 2286 681 2338 4.
701 2281 864 2342 Klein.)
887 2292 1034 2325 narrat
1053 2313 1066 2337 ‚
1099 2284 1145 2327 ἐν
1170 2282 1318 2327 πίνακι
1339 2282 1577 2330 ἐὰεῖὃωλοα
1596 2283 1792 2330 Helenae

470 2360 754 2417 γεγραμμένον
788 2373 813 2401 a
844 2357 1008 2401 Proteo
1041 2357 1264 2417 accepisse.
1281 2356 1481 2401 Paridem
1501 2390 1514 2412 ,
1552 2359 1792 2405 secundum

468 2435 781 2479 Stesichorum.
844 2432 1005 2476 Miram
1043 2447 1215 2491 quoque
1252 2434 1617 2486 narratiunculam
1658 2436 1791 2480 habet

468 2510 712 2553 Eustathius
735 2506 791 2551 ad
823 2507 980 2561 Odrss.
1005 2506 1080 2550 IV.
1104 2507 1206 2551 228.
1226 2521 1240 2550 z
1271 2510 1373 2563 φασὶ
1400 2509 1450 2553 δὲ
1468 2510 1598 2555 αὐτὸν
1616 2511 1792 2570 (Θῶνιν)

472 2582 647 2643 βασιλέα
690 2580 799 2629 εἶναι
833 2588 906 2627 τοῦ
945 2583 1055 2626 κατὰ
1088 2584 1298 2642 Κάνωβον
1333 2583 1532 2642 Νειλῴου
1571 2588 1795 2644 στόματος,

471 2661 636 2717 εὑρετὴν
676 2662 861 2716 ῖατρικῆς
893 2658 991 2716 παρ’
1023 2659 1291 2713 Αἰγυπτίοις.
1337 2662 1411 2703 καὶ
1439 2661 1539 2719 πρὶν
1573 2663 1653 2718 μὲν
1691 2663 1796 2708 ἰδεῖν

501 2816 549 2860 (l)
573 2817 607 2849 V.
633 2828 725 2862 supra
749 2828 781 2861 p.
807 2819 862 2851 13.
