2037 3619
992 343 1046 387 42

348 488 468 526 retur
482 472 603 526 ratio‘
616 496 692 524 cur
711 479 844 521 frater
863 492 968 536 prae
982 478 1185 525 omnibus
1204 480 1270 540 ait
1277 479 1515 541 diligendus
1537 490 1664 541 atque

349 553 653 608 aestimandus»,
680 550 927 611 parentibus
946 551 1150 596 nimirum
1171 555 1368 599 mortuis.
1391 555 1669 616 'Sophoclem

347 632 392 674 in
415 629 562 691 primis
582 627 653 677 liic
675 626 800 692 locus
821 625 957 677 latere
978 641 1067 671 non
1089 636 1285 686 poterat,
1318 630 1392 688 qui
1404 632 1515 676 ‘sine
1534 630 1666 675 dubio

347 703 561 750 Herodoti
597 702 839 754 Historiam
876 717 1016 767 nuper
1052 701 1221 763 legisset
1237 734 1250 759 ,
1293 702 1476 750 fortasse
1510 706 1668 766 praele-

345 790 516 841 gentem
545 778 772 823 audivisset
792 779 934 838 ipsum
954 776 1252 825 Herodotum:
1282 778 1331 823 in
1351 778 1476 823 huius
1498 788 1671 839 praeter

344 870 395 899 ea
416 854 598 916 gratiam
612 885 627 910 ‚
640 869 740 914 xquo
756 852 955 902 familiari
975 852 1407 902 nitebat-memmiae
1428 853 1518 914 (ι),
1546 855 1674 902 facile

345 931 463 979 hunc
500 929 648 973 locum
684 930 985 991 egregiamque
1020 928 1134 975 hane
1169 927 1385 974 Herodoti
1413 931 1671 975 sententiam

344 1006 407 1049 ita
430 1005 675 1064 Antigonae
701 1004 943 1050 conditioni
963 1002 1169 1064 adaptare
1194 1004 1364 1064 potuit,
1382 1014 1430 1048 ut
1452 1005 1674 1064 unusquis·-

346 1094 457 1138 que,
480 1065 710 1123 Herodoto
729 1079 869 1135 lecto,
892 1089 1049 1141 §ponte
1070 1078 1351 1138 intelligeret,
1374 1078 1544 1124 cuinam
1564 1080 1676 1125 haec

345 1153 552 1198 deberet:
585 1152 704 1212 quod
719 1141 900 1214 ‘ingenio
924 1153 1101 1213 poetico
1124 1168 1213 1197 nou
1231 1160 1399 1198 tantum
1418 1153 1577 1210 licere,
1597 1153 1676 1199 sed

345 1243 505 1290 magno
527 1229 656 1273 etiam
679 1228 829 1289 plausu
850 1235 1079 1289 exceptum
1095 1228 1230 1274 fuisse
1251 1238 1380 1286 puto.
1444 1227 1575 1284 Quod
1596 1229 1675 1274 etsi

346 1320 437 1348 non
456 1304 517 1347 ita
542 1302 686 1347 facere
708 1304 927 1363 potuerit,
952 1303 1224 1349 utomnibus
1248 1304 1437 1348 numeris
1461 1304 1677 1348 consenti·

347 1389 416 1424 ret
453 1394 555 1423 cum
592 1378 843 1422 narratione
882 1377 1160 1434 Herodotea,
1200 1377 1286 1441 alia
1320 1388 1449 1437 atque
1478 1378 1677 1424 Persicae

346 1455 462 1498 illius
497 1454 688 1497 mulieris
725 1468 857 1512 quum
893 1454 948 1496 sit
981 1454 1226 1512 Antigonae
1257 1452 1475 1505 conditio,
1509 1455 1678 1514 egregie

346 1540 494 1574 tamen
523 1539 566 1572 et
585 1529 807 1588 ingeniose
823 1527 937 1573 illius
957 1526 1088 1587 apudi
1099 1525 1380 1573 Herodotum
1400 1528 1534 1573 verba
1552 1529 1679 1572 Anti·

348 1618 488 1665 gonae
525 1617 631 1648 suae
667 1603 841 1657 tribuit,
863 1601 1146 1665 [eandemque
1184 1601 1364 1663 fraterni
1394 1603 1552 1647 amoris
1578 1617 1681 1648 cau-

347 1694 467 1734 sam,
501 1693 585 1737 qua
621 1677 697 1725 illa
735 1677 925 1723 incitata.
947 1676 1034 1723 sibi
1049 1687 1311 1737 §erraverat
1332 1677 1532 1733 fratrem,
1554 1678 1678 1723 Anti-

351 1768 497 1816 gonae
516 1753 644 1798 fuisse
660 1750 800 1808 finxit,
820 1762 868 1795 ut
887 1752 1000 1796 iusto
1020 1750 1267 1811 sepulturae
1284 1751 1453 1798 honore
1474 1768 1572 1796 eum
1591 1752 1681 1797 affi-

353 1840 489 1874 ceret.
524 1852 590 1864 —
622 1827 742 1873 Nihil
780 1837 946 1871 autem
958 1827 1006 1871 in
1039 1828 1104 1871 his
1132 1842 1224 1872 esse
1251 1828 1430 1887 quaesiti
1452 1838 1497 1872 et
1516 1828 1678 1890 inepti,

351 1920 528 1950 omnem
562 1914 715 1950 contra
749 1901 1101 1963 disputationem
1119 1917 1249 1961 quam
1287 1904 1473 1947 maxime
1507 1902 1681 1964 dignam

349 1979 581 2040 Sophoclis
619 1979 830 2035 φαντασίᾳ
873 1977 1136 2038 ingenioque
1151 2008 1166 2033 ‚
1216 1977 1382 2036 optime
1430 1978 1683 2038 apparebit,

350 2055 412 2111 si,
457 2062 554 2099 toto
594 2054 697 2098 loeo
741 2053 902 2097 latinis
942 2052 1088 2098 verbis
1130 2067 1365 2110 expresso
1342 2083 1356 2107 ,
1402 2051 1459 2098 ad
1501 2062 1683 2097 contex-

356 2140 448 2173 tum
488 2128 534 2170 in
572 2127 722 2188 primis
749 2127 996 2186 Antigonae
1020 2124 1321 2185 disputationis
1344 2125 1682 2171 attenderimus:

353 2203 570 2246 Moritura
601 2201 776 2245 iamiam
799 2200 1013 2260 Antigone
1030 2232 1044 2255 ,
1078 2199 1318 2256 »Gratum,
1351 2201 1521 2260 inquit,
1560 2216 1688 2261 spero

356 2275 590 2320 adventum
627 2290 772 2319 meum
810 2274 906 2318 fore
941 2274 1077 2335 patri,
1122 2284 1289 2335 gratum
1330 2274 1459 2319 matri
1490 2290 1685 2336 quoque,

355 2363 605 2414 gratumque
641 2351 774 2397 etiam
810 2351 916 2407 tibi,
960 2343 1111 2403 frater
1132 2350 1377 2403 earissime:
1401 2366 1497 2400 vos
1534 2367 1686 2398 omnes

354 2429 470 2471 enim
490 2427 603 2470 iusto
623 2427 792 2470 honore
811 2424 1053 2485 sepulturae
1072 2423 1229 2468 affeci:
1263 2439 1378 2468 nunc
1400 2438 1508 2468 vero
1529 2435 1653 2470 tuum
1668 2458 1682 2482 ,

355 2501 583 2560 Polynices
599 2533 613 2557 ,
647 2503 803 2561 coi-pus
825 2503 1005 2558 curans,
1028 2509 1215 2563 mortem
1239 2509 1419 2559 propter
1443 2515 1494 2543 ea
1515 2501 1684 2560 accipio

357 2573 507 2635 (τοιάδ’
531 2574 754 2635 &eruptum
790 2584 833 2619 et
853 2573 1114 2629 tamenim-ire
1140 2579 1184 2618 te
1212 2562 1425 2617 honoravi
1448 2573 1685 2630 eecundum

358 2664 509 2693 eorum
528 2649 785 2694 sententiam
802 2649 1061 2709 quisapiunt
1079 2647 1234 2707 (καίτοι
1257 2647 1295 2692 σ’
1314 2648 1395 2703 ἐγὼ
1410 2648 1576 2708 ῗτίμησα
1596 2655 1683 2701 τοῖς

402 2822 451 2868 (1)
475 2822 562 2866 Quod
583 2824 648 2868 ipse
666 2822 821 2859 Schb'llius
839 2822 950 2869 probat
970 2836 1002 2870 p.
1025 2824 1102 2859 118.
1121 2834 1187 2869 sqq.
