2037 3619
1014 335 1070 378 48

381 469 511 532 plane
542 470 783 531 negaverim
815 469 1066 515 doctissimo
1095 470 1377 530 Cobeto(1),
1410 473 1547 515 minus
1573 485 1701 513 venu-

380 556 496 591 stum
526 561 616 589 esse
641 543 867 603 Sophoclis
891 543 1040 586 locum
1053 557 1073 586 :.
1098 553 1144 586 at
1173 558 1276 586 vero
1303 544 1612 590 attendendum
1638 554 1702 588 est

381 619 440 664 ad
460 632 669 664 summam
697 615 855 678 Oedipi
879 615 1245 678 indignationem,
1266 631 1351 676 qua
1378 618 1490 664 filios
1521 618 1576 665 ad
1602 619 1703 664 bar-

382 696 509 739 baros
527 693 775 752 aequiparat
787 725 800 747 ,
819 699 863 736 et
884 703 1100 752 tamquam
1122 692 1406 736 harbarorum
1421 709 1594 738 morum
1608 695 1705 737 imi-

382 780 542 813 tatores
562 768 827 827 perstringit.
898 768 1128 812 Praeterea
1156 766 1314 828 cupide
1340 768 1708 827 amplectebantur

381 845 542 903 poetae
569 857 847 902 quaecunque
874 840 1105 903 singularia
1134 858 1187 887 ex
1219 841 1453 904 peregrinis
1479 843 1603 886 terris
1634 860 1708 888 au-

383 917 553 961 dirent:
574 929 838 978 apparetque
854 933 907 961 ex
929 918 1011 961 hac
1034 919 1126 978 ipsa
1151 918 1394 963 imitatione
1409 917 1556 978 paullo
1586 933 1710 977 quae-

384 993 524 1037 sitiori
564 993 793 1053 Sophoclis
825 992 1076 1037 Herodotea
1107 992 1306 1037 imitandi
1332 991 1535 1036 studium.

446 1068 617 1112 Tertius
639 1077 704 1112 est
732 1067 876 1125 locus,
899 1082 985 1128 quo
1007 1067 1271 1129 Sophoclem
1300 1066 1552 1112 Herodotea
1576 1067 1714 1111 imita-

385 1153 478 1185 tum
508 1157 599 1185 esse
631 1141 798 1186 dicunt.
862 1142 926 1185 Ex
952 1140 1171 1186 Herodoti.
1196 1140 1288 1185 scil.
1325 1141 1469 1185 verbis
1499 1139 1552 1199 (Ι.
1584 1140 1709 1201 108):

387 1217 523 1262 ἐδόκεε
540 1216 587 1262 δέ
605 1218 649 1261 οἱ
664 1215 878 1277 (Astyagi)
892 1219 938 1261 ἐκ
956 1219 1042 1262 τῶν
1058 1216 1229 1262 αἰδοίων
1247 1221 1319 1273 τῆς
1336 1218 1545 1274 θυγατρὸς
1561 1221 1714 1274 ταύτης

387 1297 517 1348 φῦναι
545 1293 733 1349 ἄμπελον
749 1306 762 1319 ·
807 1295 885 1347 τὴν
926 1293 974 1336 δὲ
1004 1291 1192 1347 ἄμπελον
1229 1295 1410 1350 ἐπισχεῖν
1444 1296 1520 1347 τὴν
1553 1290 1715 1348 Ἀσίην

388 1372 529 1415 πᾶσαν
544 1382 557 1396 ·
586 1367 775 1411 hausisse
796 1366 977 1410 Poetam
995 1366 1077 1411 hos
1099 1381 1245 1411 versus
1268 1365 1448 1426 (Electr.
1468 1381 1531 1411 vs.
1551 1364 1676 1425 414);

499 1514 550 1523 -
579 1513 634 1522 -
662 1492 706 1530 ἔκ
733 1506 777 1530 τε
802 1484 912 1531 τοῦδ’
942 1489 1116 1544 (sceptro
1137 1488 1467 1547 Agamemnonis)
1492 1489 1571 1529 ἅνω

498 1562 687 1611 βλαστεῖν
713 1560 886 1612 βρύοντα
912 1547 1091 1600 θάλλον.
1123 1553 1153 1613 ᾧ
1180 1563 1396 1603 κατάσκιον

501 1634 632 1669 πᾶσαν
659 1630 852 1684 γενέσθαι
881 1631 950 1680 τήν
976 1632 1218 1679 Μυκηναίων
1246 1631 1380 1678 χθόνα

457 1748 672 1809 Equidem
706 1764 810 1792 vcro
825 1779 838 1805 ,
872 1748 1038 1792 etiamsi
1076 1747 1193 1791 aliud
1226 1748 1271 1791 in
1308 1748 1395 1792 hac
1428 1763 1476 1792 re
1507 1749 1721 1792 somnium

442 1947 491 1993 (1)
515 1948 581 1981 Hoc
600 1959 649 1981 me
671 1949 792 1982 monuit
811 1949 860 1982 vir
875 1949 994 1982 amicus
1005 1949 1103 1983 literis
1113 1961 1215 1995 nuper
1232 1949 1387 1982 Florentia
1406 1948 1446 1982 ad
1465 1960 1513 1982 me
1533 1947 1634 1991 datis:
1656 1960 1732 1982 »—

391 2006 487 2037 Nemo
506 2004 589 2037 dicat
603 2028 613 2046 ‚
638 2007 768 2049 opinor,
793 2005 978 2051 ambiguum
996 2017 1081 2047 esse,
1106 2013 1177 2038 uter
1198 2006 1331 2038 alterum
1353 2012 1516 2050 sequatur:
1542 2016 1639 2050 neque
1654 2015 1734 2050 opus

391 2069 457 2104 est,
488 2068 526 2094 ut
548 2061 679 2095 verbum
707 2061 817 2095 addam
831 2086 841 2104 ‚
874 2069 996 2106 praeter
1027 2061 1109 2104 hoc,
1141 2062 1221 2096 mihi
1251 2062 1415 2107 Sophoclis
1442 2062 1547 2095 locum
1569 2062 1734 2096 admodum

392 2118 557 2162 displicere
578 2125 611 2149 et
628 2119 824 2161 pei-ineptum
843 2118 959 2151 videri.
974 2135 1022 2143 ——
1041 2119 1170 2150 Consule
1189 2118 1230 2150 ad
1253 2118 1338 2150 hune
1354 2119 1457 2150 locum
1478 2118 1603 2151 Scholia
1620 2125 1735 2150 vetera.

392 2179 542 2224 Reperies
573 2177 678 2211 locum
705 2178 917 2225 Nymphodori
946 2190 964 2211 e
994 2178 1053 2212 lib.
1085 2178 1174 2212 1111.
1210 2178 1284 2211 τῶν
1308 2177 1583 2225 Βαρβαρικῶν,
1608 2180 1665 2224 qui
1694 2169 1737 2213 εὖ

396 2237 499 2279 μάλα
526 2236 665 2278 σεμνῶς
687 2244 811 2282 praeter
834 2237 987 2270 aliahaec
1005 2244 1129 2270 narrat:
1155 2235 1174 2269 ὅ
1199 2232 1408 2282 Σεσῦστρις
1425 2229 1633 2281 ἔκθηλῦναι
1653 2237 1741 2275 τοὺς

397 2293 541 2341 ἄνδρας
563 2292 792 2336 βουλόμενος
809 2313 858 2319 -
874 2294 923 2327 τὰ
941 2292 1010 2336 μὲν
1031 2293 1180 2327 ἐκείνων
1201 2291 1303 2339 ἔρνεϊ
1318 2296 1404 2331 ταῖς
1427 2292 1598 2337 γυναιξὶ,
1623 2292 1672 2326 τὰ
1693 2291 1738 2327 δὲ

398 2351 472 2385 τῶν
502 2350 688 2395 γυναικῶν
721 2351 875 2391 ἐκείνοις
901 2351 1104 2397 προςέταξε
1127 2356 1268 2389 ποιεῖν.
1316 2351 1476 2393 Ωώτιιοιι
1498 2352 1541 2384 ‘in
1569 2351 1737 2384 cachinnos

400 2415 540 2453 erumpat
573 2407 613 2440 ad
645 2407 742 2441 haec:
779 2407 875 2442 ὅθεν
894 2426 943 2434 -
972 2406 1059 2446 τοὺς
1081 2406 1148 2448 μὲν
1175 2405 1239 2441 ἐπὶ
1261 2406 1336 2440 τῶν
1357 2405 1527 2447 κεφαλῶν
1548 2407 1674 2454 φέρειν
1692 2408 1742 2441 τά

401 2454 560 2511 φορτία,
593 2464 661 2504 τὰς
693 2462 738 2500 δὲ
774 2463 839 2499 ἐπὶ
869 2464 943 2500 τῶν
974 2462 1077 2506 ὤμων
1110 2458 1312 2508 ἠνάγκασέ.
1334 2460 1469 2497 ἔπειτα
1493 2462 1539 2497 δὲ
1566 2464 1652 2503 τοὺς
1671 2463 1741 2507 μὲν

404 2522 661 2570 καθημένους,
696 2522 764 2561 τὰς
782 2521 828 2556 δὲ
854 2521 971 2569 ὀρθὰς
994 2520 1155 2560 ἑστώσας
1178 2520 1319 2569 οὐρεῖν.
1366 2521 1410 2554 En
1428 2522 1553 2554 furem!
1576 2533 1676 2567 neque
1699 2520 1745 2554 il—

406 2581 474 2614 lum
495 2579 665 2623 callidum,
689 2580 743 2614 sed
771 2580 924 2614 ridiculae
953 2580 1170 2614 stoliditatis?
1192 2599 1243 2609 —-
1264 2580 1348 2613 Haec
1368 2581 1500 2612 inserere
1520 2592 1584 2613 non
1603 2579 1745 2612 dubitavi

406 2638 551 2681 quoniam
568 2636 659 2669 video
671 2660 681 2678 ,
705 2638 860 2670 neminem
876 2637 1020 2683 plagium
1036 2637 1097 2670 hoc
1118 2649 1182 2670 esse
1201 2635 1435 2682 Nymphodori,
1453 2638 1642 2681 suspicatum
1659 2646 1741 2669 esse:

409 2692 645 2726 Valckenaerius
664 2694 747 2726 enim
760 2692 801 2726 ad
818 2692 930 2727 Herod.
949 2694 977 2730 l.
1000 2695 1026 2729 1.
1044 2693 1082 2727 de
1103 2693 1164 2726 fide
1185 2693 1310 2739 quidem
1334 2693 1544 2740 Nymphodori
1563 2693 1745 2727 narrationis

410 2750 553 2791 dubitat,
586 2752 714 2784 coniicit
740 2757 844 2783 tamen
857 2774 867 2792 ,
898 2751 1015 2796 Regem
1046 2751 1334 2793 bellicosissimum,
1368 2757 1566 2798 posteaquam
1596 2750 1746 2797 plurima»

411 2814 520 2852 gentes
540 2806 752 2854 subingauet,
776 2807 859 2844 illud
880 2810 1087 2846 constituisse.
