2037 3619
906 362 962 405 29

282 504 460 557 chorus,
494 515 582 544 non
614 502 705 546 sine
724 502 855 562 ipsius
874 502 1116 546 interventu
1137 501 1330 546 Helenae
1348 512 1476 562 atque
1496 504 1599 549 hor-

278 581 442 622 tatione
476 593 555 637 per
586 578 893 622 Autoleontem
927 578 1088 621 factum
1124 564 1238 633 esse,
1281 578 1599 623 arbitrabantur

279 652 460 697 scilicet.
493 677 551 686 —
588 653 814 713 Utcunque
846 654 954 697 haec
982 667 1050 695 res
1070 667 1161 696 sese
1182 652 1332 709 hahet,
1366 664 1485 698 certe
1506 670 1598 699 non

274 727 500 788 persuadet
523 728 772 772 Welckerus
786 759 799 783 ,
834 726 1101 770 Palinodiam
1125 726 1282 770 debere
1302 729 1511 789 originem
1532 745 1597 774 sa·

279 802 525 846 cerdotibus
541 804 586 846 in
608 804 747 846 Leuce
766 802 924 857 insula,
958 802 1052 860 qui,
1084 801 1273 846 Helenae
1291 804 1493 848 nimirum
1508 804 1597 849 cul-

273 884 364 923 tum
397 889 583 935 tuentes,
614 888 837 922 recantare
867 869 955 920 non
979 882 1143 920 tantum
1164 877 1360 921 iusserint
1377 878 1596 924 Stesicho-

274 970 394 1011 rum,
427 953 502 997 sed
522 954 689 997 veriora
717 954 846 996 etiam
872 952 1011 1012 ipsum
1032 950 1088 994 de
1109 952 1302 996 Helenae
1323 953 1419 996 fatis
1440 953 1596 999 docue-

275 1030 386 1085 rint3
419 1030 473 1073 ab
505 1013 571 1073 his
597 1030 727 1089 igitur
749 1042 904 1071 novam
929 1028 1040 1071 hanc
1062 1026 1117 1071 de
1138 1027 1304 1072 Helena
1324 1028 1483 1073 famam
1503 1046 1595 1075 esse

276 1103 569 1163 repetendam.
630 1103 780 1162 Neque
816 1103 901 1145 hoc
926 1101 1086 1144 dicitur
1116 1103 1161 1144 in
1187 1102 1500 1146 Himerensium
1521 1105 1595 1148 illa

274 1180 543 1222 narratione:
576 1177 809 1222 secundum
831 1178 1055 1220 Cononem
1082 1178 1217 1231 enim,
1251 1193 1339 1220 non
1371 1180 1595 1240 praecepit

272 1252 461 1309 Helena,
494 1269 577 1314 quo
609 1252 733 1296 modo
759 1249 1066 1295 recantandum
1088 1261 1197 1295 esset
1216 1251 1486 1310 Stesichoro,
1515 1253 1594 1298 sed

273 1327 495 1371 admonuit
527 1337 718 1382 tantum,
748 1335 797 1369 ut
830 1336 1092 1380 recantarct,
1124 1327 1160 1368 si
1197 1327 1422 1371 oculorum
1455 1330 1593 1373 visum

269 1404 350 1447 sibi
385 1403 550 1447 restitui
576 1401 729 1446 vellet:
771 1398 1006 1445 secundum
1040 1389 1293 1444 Pausaniam
1328 1408 1497 1459 autem,
1539 1420 1595 1448 ne

269 1479 357 1523 hoc
378 1479 551 1538 quidem
572 1479 611 1521 ei
633 1477 820 1521 nuntiari
839 1477 979 1531 iussit,
1006 1475 1082 1518 sed
1104 1487 1291 1533 tantum,
1323 1481 1594 1523 occoecatio·

270 1568 373 1597 nem
406 1555 461 1598 ab
498 1553 664 1596 Helena
693 1553 801 1594 irata
832 1551 959 1593 fuisse
995 1551 1252 1594 immissam:
1291 1551 1586 1611 Stesichorus,

267 1643 358 1670 non
407 1627 562 1680 iussus,
595 1627 664 1670 ἐπὶ
707 1630 839 1681 τούτῳ
885 1629 962 1679 τῆν
1000 1623 1264 1681 παλινῳδίαν
1302 1627 1503 1683 ἐποίησεν.
1528 1655 1588 1664 —

266 1700 417 1760 Neque
454 1701 588 1761 magis
632 1697 861 1759 persuadet
900 1697 1171 1741 Heinischius
1192 1699 1360 1759 Proleg.
1391 1701 1453 1743 ad
1477 1702 1588 1746 Eur.

268 1776 367 1819 Hel.
401 1775 460 1833 (v.
491 1774 660 1818 Welck.
692 1790 735 1832 p.
769 1772 914 1831 279.),
945 1773 999 1815 ab
1037 1773 1258 1831 Aegyptiis
1295 1774 1588 1820 sacerdotibus

273 1848 507 1911 repetenda
540 1865 630 1892 esse
675 1864 784 1907 quae
811 1848 855 1890 in
885 1844 1108 1890 Palinodia
1137 1848 1341 1892 cecinerit
1371 1849 1587 1895 Stesicho-

266 1939 362 1968 rus:
414 1925 550 1983 ipsam
589 1924 731 1982 potius
770 1922 1080 1981 Aegyptiorum
1123 1924 1412 1966 narrationem
1454 1926 1586 1985 suspi-

267 2015 347 2043 cor
375 2009 515 2042 ortam
544 2013 633 2042 esse
653 2013 706 2041 ex
727 1994 971 2051 Palinodia‚
1005 1994 1169 2055 quade
1200 2013 1248 2041 re
1277 1996 1434 2042 deinde
1462 1999 1583 2045 vide-

266 2073 424 2118 bimuS.

325 2149 514 2192 Difficile
547 2159 689 2191 autem
710 2158 775 2191 est
795 2145 1055 2202 diiudicare,
1089 2158 1295 2205 quatenus
1314 2147 1582 2194 Stesichorus

263 2226 355 2285 ipse
375 2223 587 2268 invenerit
606 2237 714 2281 quae
734 2222 780 2264 in
802 2220 1026 2265 Palinodia
1048 2222 1228 2278 cecinit,
1261 2221 1364 2281 quid
1383 2222 1582 2268 debuerit

265 2298 588 2352 traditionibus,
622 2310 735 2355 quae
766 2311 879 2337 nunc
907 2310 987 2337 nos
1014 2294 1164 2339 latent.
1228 2295 1371 2350 Quum
1399 2313 1504 2341 vero
1532 2300 1579 2342 in

266 2374 361 2418 aliis
388 2387 558 2432 quoque
594 2370 823 2414 acerrimus
852 2378 961 2412 esset
981 2384 1124 2415 rerum
1144 2370 1428 2428 mythicen-um
1449 2387 1580 2417 nova.

265 2457 336 2493 tor
356 2447 414 2508 (v.
442 2447 587 2490 Klein.
609 2461 653 2505 p.
687 2442 804 2503 24),
828 2457 915 2486 non
935 2442 1137 2492 dissimile
1157 2444 1248 2486 veri
1270 2445 1374 2501 erit,
1408 2461 1508 2490 eum
1528 2447 1577 2491 in

263 2526 349 2569 hoc
366 2538 535 2583 quoque
557 2520 745 2565 carmine
764 2518 897 2563 multa
914 2517 1081 2562 finxisse
1099 2533 1152 2562 ex
1168 2534 1245 2563 suo
1263 2520 1436 2582 ingenio
1449 2554 1462 2579 ‚
1480 2523 1578 2567 nul-

262 2601 313 2644 lis
344 2597 647 2642 traditionibus
681 2596 912 2639 nitentem:
959 2609 1107 2639 verum
1141 2595 1249 2639 nihil
1282 2596 1328 2640 in
1364 2597 1429 2640 his
1466 2598 1578 2642 affir-

261 2672 480 2721 mandum.

320 2748 438 2794 Nihil
462 2762 567 2792 vero
597 2748 761 2790 tribuas
789 2746 920 2791 velim
952 2745 1167 2789 Archelao
1190 2746 1362 2790 cuidam
1381 2748 1544 2809 Cyprio
1557 2783 1572 2808 ,

260 2826 379 2871 cuius
397 2825 509 2871 hanc
532 2823 821 2869 narrationem
841 2819 988 2883 prodit
1005 2820 1276 2868 Ptolemaeus
1293 2822 1576 2885 Hephaestio-
