2037 3619
890 344 947 385 63

256 480 467 523 incuriam
490 477 739 536 admittere,
780 495 910 540 quam
931 482 976 524 in
998 481 1133 541 priori
1161 480 1391 527 admiserat
1414 481 1570 526 fabula.

256 554 490 597 Praeterea
506 585 518 609 ,
553 570 690 598 maior
711 555 784 599 ille
808 556 1071 600 solutionum
1100 571 1305 601 numerus
1326 554 1570 616 pendebat,

263 639 393 688 puto,
416 644 503 673 uon
522 640 687 674 tantum
708 647 733 674 a
750 634 976 691 poetarum
995 631 1159 675 incuria
1171 663 1187 687 ‚
1207 631 1283 675 sed
1299 645 1428 691 saepe
1441 632 1572 676 etiam

256 718 281 744 a
313 702 493 746 fortuito
520 705 830 748 vocabulorum
856 720 936 748 usu
960 705 1223 764 fortuitaque
1252 706 1467 765 positione
1488 720 1571 765 pro

262 776 463 836 cuiusque
485 777 655 821 fabulae
677 777 842 822 diversa
863 778 1032 822 ratione
1052 789 1097 822 et
1117 790 1393 839 argument03
1425 781 1487 823 ita
1503 790 1567 835 ut,

261 850 309 894 in
342 848 518 895 diversis
544 850 697 895 fabulis
714 882 728 906 ,
777 849 933 896 eodem
959 861 1156 911 tempore
1185 853 1315 908 actis,
1353 851 1570 897 diversum

256 935 404 969 tamen
447 941 538 969 esse
563 925 780 986 potuisse,
811 925 1049 970 existimem
1067 957 1081 981 ,
1126 925 1390 971 solutionum
1420 942 1569 971 nume-

254 1015 380 1056 rum3
428 999 532 1059 quin
567 1000 699 1045 etiam
729 999 775 1044 in
809 999 1037 1060 posteriori
1076 998 1223 1044 fabula
1259 1015 1571 1061 nonnunquam

252 1074 488 1130 minorem,
517 1090 646 1133 quam
674 1074 721 1119 in
746 1074 905 1134 priori,
934 1090 1158 1120 numerum
1181 1075 1329 1131 fuisse,
1366 1076 1472 1122 mihi
1493 1077 1569 1120 ha-

258 1148 386 1194 beam
406 1164 671 1210 persuasum.
735 1149 871 1195 Huius
893 1150 958 1194 rei
982 1150 1074 1209 ipse
1097 1159 1250 1195 auctor
1277 1149 1404 1197 affert
1425 1167 1568 1196 exem-

255 1224 372 1282 plum
407 1225 453 1267 in
490 1224 647 1267 Medea
691 1235 736 1268 et
768 1224 1019 1283 Ηίρροζγτος
1053 1239 1162 1282 quae
1194 1236 1375 1283 utraque
1404 1225 1569 1269 Fabula

255 1314 388 1357 quum
418 1309 514 1342 acta
540 1299 596 1341 sit
624 1298 696 1342 Ol.
731 1298 825 1357 87„
857 1299 904 1340 in
935 1299 1091 1341 Medea
1111 1299 1257 1344 tamen
1284 1315 1342 1358 72
1365 1300 1538 1344 circiter
1554 1333 1567 1355 ‚

254 1373 301 1417 in
319 1373 549 1432 Hippolyto
571 1375 630 1430 49
648 1382 815 1415 tantum
832 1387 923 1416 esse
939 1373 1174 1416 solutiones
1185 1404 1199 1428 ,
1221 1373 1430 1418 affirmat:
1450 1373 1570 1433 quod

258 1448 321 1491 ita
350 1447 523 1507 quidem
551 1446 743 1491 defendit
765 1446 817 1491 V.
841 1447 896 1491 D.
929 1446 991 1507 (p.
1020 1447 1091 1491 23.
1123 1446 1221 1492 adn.
1252 1448 1346 1508 2.),
1375 1456 1423 1493 ut
1452 1448 1569 1493 dicat

254 1524 411 1567 »etiam
430 1525 465 1566 si
487 1525 532 1566 in
548 1522 704 1566 Medea
717 1521 977 1565 solutionum
994 1537 1193 1564 numerus
1206 1523 1252 1564 in
1269 1523 1492 1582 aliquanto
1509 1524 1567 1583 (P)

255 1598 394 1640 maior
407 1598 487 1652 sit,
519 1595 701 1641 eandem
720 1599 878 1639 tamen
894 1596 1106 1639 rationem
1129 1610 1303 1640 manere
1318 1629 1331 1651 ,
1359 1612 1491 1656 quum
1519 1599 1566 1643 in

253 1671 413 1713 Medea
445 1670 668 1728 aliquanto
701 1669 911 1710 maiorem
938 1683 1134 1710 versuum
1160 1684 1387 1713 numerum
1400 1701 1414 1725 ,
1437 1687 1565 1730 quam

255 1747 302 1788 in
323 1745 550 1805 Hippolyto
577 1741 853 1787 habeamus.’‘
922 1742 1079 1786 Nescio
1110 1742 1309 1801 equidem
1339 1761 1567 1790 numerum

252 1834 453 1864 versuum
486 1817 771 1861 iambicorum
807 1822 851 1859 et
882 1816 1228 1872 octonariorum3
1276 1818 1396 1864 bona
1423 1829 1566 1864 autem

252 1895 338 1939 fide
353 1895 516 1938 dictum
540 1895 626 1936 hoc
647 1907 738 1935 esse
756 1891 858 1934 licet
874 1891 1088 1934 confidam
1100 1923 1114 1947 ,
1133 1908 1278 1936 nonne
1293 1903 1453 1950 tamen,
1470 1905 1567 1937 acta

252 1984 384 2029 quum
414 1969 469 2012 sit
494 1966 770 2027 Hippob'tuS,
802 1963 953 2008 eadem
981 1964 1154 2025 quidem
1180 1965 1459 2027 Olympiade,
1488 1970 1565 2012 tri·

249 2046 328 2087 bus
359 2058 463 2086 vero
502 2042 623 2085 annis
657 2050 756 2100 post
788 2039 986 2083 Medeam
1005 2071 1018 2094 ,
1058 2040 1151 2084 iure
1180 2041 1403 2099 'aequalem
1445 2054 1564 2087 certe

249 2119 511 2162 solutionum
535 2130 759 2159 numerum
776 2113 1027 2174 exspectes?
1043 2140 1103 2148 -—
1127 2115 1278 2174 Neque
1297 2127 1469 2161 caetera
1482 2119 1565 2162 viri

251 2193 371 2237 docti
394 2201 641 2251 argumenta
664 2188 898 2233 admodum
920 2188 1045 2232 firma
1064 2200 1184 2245 sunt,
1219 2201 1266 2234 ut
1283 2190 1391 2235 illud
1406 2191 1462 2235 de
1480 2208 1564 2236 una

251 2268 485 2325 eademque
506 2264 668 2324 duplici
688 2264 882 2319 actione,
900 2263 1036 2307 altera
1054 2263 1214 2319 felicis,
1233 2264 1366 2308 altera
1380 2265 1563 2311 infelicis

251 2344 409 2396 exitus,
440 2346 533 2383 tota
562 2349 704 2381 autem
733 2337 893 2392 felicis,
926 2352 1054 2395 quam
1070 2338 1116 2380 in
1137 2338 1312 2380 Electra
1334 2339 1563 2384 observare

249 2418 332 2462 sibi
349 2415 520 2461 videtur
541 2423 706 2457 auctor.
737 2436 798 2449 —-
829 2411 949 2467 Quos
970 2422 1113 2456 autem
1140 2427 1284 2456 versus
1308 2411 1364 2456 ad
1390 2429 1459 2459 res
1483 2431 1561 2459 nu·

248 2508 327 2554 per
365 2500 504 2551 gestas
546 2487 760 2548 pertinere
799 2486 1012 2530 existimat
1043 2484 1363 2542 Zirndorferus,
1409 2487 1563 2535 iisdem

245 2567 419 2625 aliisque
455 2563 518 2624 (1)
554 2561 778 2606 adducitur
807 2560 1011 2621 Bergkius
1046 2559 1106 2620 (v.
1131 2559 1300 2605 Welck.
1335 2562 1380 2605 in
1406 2563 1560 2611 Addit.

286 2701 334 2745 (1)
357 2699 444 2743 Quod
465 2700 500 2732 in
520 2701 657 2734 Electra
681 2702 852 2735 observavit
875 2699 1028 2745 Bergkius
1046 2700 1083 2734 11.
1109 2710 1216 2744 »quae
1234 2700 1273 2733 de
1299 2703 1434 2736 vanitate
1461 2711 1568 2739 vatum

243 2760 278 2792 in
301 2758 359 2791 hac
384 2757 501 2791 Fabula
519 2757 642 2803 prodita
663 2760 726 2792 sint
740 2783 750 2802 ,
774 2771 812 2792 ea
832 2765 968 2804 spectare
991 2757 1032 2790 ad
1055 2768 1104 2790 res
1124 2768 1226 2801 nuper
1246 2762 1387 2803 gestas”;
1427 2760 1511 2795 idem
1534 2764 1568 2797 in

239 2817 368 2850 Helena
390 2817 507 2849 sactum
526 2826 589 2848 esse
601 2839 611 2858 ,
635 2816 700 2860 ipse
722 2817 843 2850 monuit
860 2814 1073 2850 Zirndorferus
1097 2827 1130 2860 p.
1144 2816 1201 2849 76.
1225 2815 1299 2849 coll.
1322 2828 1381 2850 vss.
1398 2819 1462 2852 761
1479 2831 1543 2865 sqq.
