2037 3619
919 377 971 419 31

282 512 572 575 perstrinxisse
595 512 922 558 existimemus.”
963 512 1105 568 Quam
1129 514 1425 557 coniecturam
1447 512 1606 556 confir·

280 603 400 633 mare
436 585 572 630 videri
605 594 747 647 potest
786 589 971 631 Acronis
1010 588 1246 642 sententia,
1291 587 1523 630 Horatium
1558 586 1605 630 ll.

283 663 497 705 imitatum
523 677 611 705 esse
631 662 865 706 Stesichori
889 661 1184 717 Palinodiam,
1213 662 1258 704 in
1281 663 1466 705 amicam
1486 676 1609 705 suam

280 721 550 780 Palinodiam
566 735 669 780 dum
684 746 989 796 componeret,
1007 746 1332 796 recantaretque
1345 737 1605 797 opprobria:

282 810 385 870 quin
419 811 557 870 ipsum
591 810 720 853 etiam
760 808 1015 869 Tyndaridis
1046 825 1231 866 nomen,
1264 826 1349 870 quo
1371 812 1478 855 haec
1510 810 1608 855 Ode

279 885 482 946 inscripta
517 884 667 940 fuerit,
699 884 753 927 ab
788 874 1037 927 stesichoro
1078 885 1260 944 petitum
1301 901 1391 929 esse
1434 892 1604 946 putant.

278 961 336 1003 At
367 960 479 1003 iusto
509 959 603 1019 plus
636 959 876 1002 tribuerunt
906 959 1078 1001 Horatii
1099 960 1354 1019 interpretes
1375 960 1608 1004 imitationi

280 1034 573 1077 Stesichoreae
594 1032 845 1076 Palinodiae
861 1065 874 1088 ,
907 1047 992 1091 qua
1020 1032 1075 1075 de
1103 1048 1151 1076 re
1178 1048 1221 1077 V.
1245 1048 1355 1091 quae
1377 1031 1609 1093 disputavit

277 1107 596 1167 Peerlkampius
626 1106 682 1150 ad
716 1108 761 1150 h.
788 1107 841 1150 l.:
883 1106 955 1149 »Si
996 1107 1089 1166 quis
1120 1107 1251 1150 verba
1277 1107 1463 1150 Acronis
1498 1123 1608 1151 con-

282 1182 462 1238 sideret,
486 1184 521 1226 is
541 1181 731 1237 videbit,
750 1182 836 1225 hoc
855 1192 1023 1225 tantum
1042 1181 1226 1225 voluisse
1241 1180 1604 1227 Grammaticum:

282 1257 487 1301 Horatius
507 1258 678 1316 scripsit
701 1258 813 1299 hanc
840 1255 966 1298 Oden
993 1257 1040 1298 in
1073 1256 1412 1300 satisfactionem
1440 1258 1606 1301 amicae

283 1346 405 1386 suae,
437 1345 564 1389 quam
583 1331 713 1372 iratus
734 1330 925 1372 carmine
945 1329 1146 1372 laeserat:
1179 1330 1367 1372 imitatus
1388 1329 1606 1374 Stesicho-

281 1421 377 1449 rum
418 1409 615 1466 poetam,
662 1404 735 1464 qui
777 1404 1137 1465 vituperationem
1180 1404 1370 1446 scribens
1417 1404 1608 1450 Helenae

281 1491 481 1525 coecatus
510 1487 597 1536 est,
631 1490 674 1523 et
700 1490 851 1539 postea
878 1478 1050 1522 laudem
1083 1479 1175 1522 eius
1208 1479 1397 1523 scribens
1404 1511 1419 1534 ,
1454 1480 1607 1525 oculo·

280 1571 376 1599 rum
412 1554 661 1615 adspectum
693 1555 874 1614 recepit.
938 1554 1060 1596 Haec
1080 1560 1177 1596 sunt
1194 1553 1286 1612 ipsa
1306 1554 1398 1597 fere
1418 1556 1605 1599 Acrouis

280 1631 432 1676 verba.
500 1629 690 1672 Imitatio
715 1628 845 1687 igitur
872 1635 963 1683 est,
997 1627 1115 1686 quod
1144 1635 1193 1670 ut
1221 1627 1511 1685 Stesichorus,
1540 1631 1603 1674 sic

280 1705 488 1747 Horatius
529 1703 700 1762 scripsit
738 1701 1013 1745 Palinodiam
1051 1712 1095 1744 et
1129 1702 1291 1760 probra
1324 1704 1602 1749 recantavit.’'

279 1779 431 1838 Neque
461 1777 594 1839 pluris
623 1775 851 1837 pendenda
883 1777 1071 1819 imitatio
1102 1775 1377 1832 Palinodiae,
1411 1792 1542 1836 quam
1558 1779 1605 1822 in

278 1855 434 1898 Horat.
472 1853 613 1912 Epod.
644 1868 712 1911 17.
746 1867 810 1895 VS.
849 1854 907 1905 42
946 1867 1041 1910 sqq.
1073 1851 1304 1895 observare
1331 1852 1413 1894 sihi
1438 1852 1607 1897 videtur

278 1928 620 1974 Mitscherlichus
636 1942 670 1996 ;¹
699 1927 816 1970 cuius
856 1926 1031 1987 insignis
1068 1918 1292 1986 praeterea
1334 1941 1459 1970 error
1472 1959 1486 1984 ,
1532 1927 1602 1972 vel

277 2005 443 2048 incuria
464 2003 605 2062 potius
624 2001 815 2045 notanda
836 2012 900 2045 est
918 2002 962 2044 in
989 2002 1271 2044 annotatione
1292 2000 1348 2044 ad
1367 2002 1412 2046 h.
1434 2002 1466 2047 l.
1489 2013 1534 2047 et
1554 2004 1602 2048 in

280 2080 549 2138 Argumento
578 2077 622 2120 h.
646 2091 710 2121 αι
743 2076 853 2119 mire
884 2075 999 2119 enim
1020 2075 1351 2131 Archilochum,
1384 2075 1603 2121 Stesicho-

278 2168 397 2209 rum,
427 2154 573 2195 omnia
593 2151 820 2195 confundit
837 2151 1096 2209 miscetque,
1127 2149 1427 2194 »Palinodiam
1448 2152 1603 2196 Archi·

276 2227 485 2279 lochiam,
506 2226 772 2269 Archilocho
794 2223 912 2284 quod
932 2224 1143 2268 Helenam
1166 2224 1411 2269 infamasset
1431 2224 1603 2271 ademta

277 2300 460 2343 lumina''
481 2299 649 2353 dicens,
682 2300 987 2342 »Himeraeum
1008 2297 1196 2356 denique
1214 2299 1601 2359 Iambographum”

277 2376 423 2419 nescio
452 2386 599 2419 utrum
628 2373 862 2434 appellans.

338 2450 437 2509 Ipse
466 2450 596 2510 igitur
632 2447 866 2492 Archelaus
902 2457 975 2490 aut
1004 2447 1060 2490 de
1090 2444 1297 2489 industria
1326 2447 1440 2492 hauc
1468 2448 1604 2494 histo-

280 2524 435 2567 riolam
472 2524 528 2568 de
561 2524 793 2567 Stesichori
826 2522 966 2566 amica
1000 2520 1173 2565 videtur
1203 2521 1487 2582 excogitasse,
1517 2541 1604 2584 qua

275 2599 465 2643 veritatis
486 2598 670 2658 quadam
691 2598 833 2659 specie
853 2596 1057 2656 vituperii
1070 2595 1264 2640 Helenae
1285 2607 1329 2640 et
1350 2596 1605 2645 Palinodiae

274 2674 506 2735 explicaret
526 2674 758 2735 originem,
785 2672 1073 2734 probaretque
1096 2671 1418 2715 occoecationis
1438 2672 1601 2718 famam

272 2766 363 2795 esse
384 2748 555 2794 falsam:
578 2761 651 2794 aut
667 2747 862 2794 confudit
878 2746 1111 2791 Stesichori
1134 2747 1385 2806 κακηγορίαν
1400 2746 1603 2797 Helenae

271 2840 369 2868 cum
394 2824 644 2886 Archilochi
666 2825 885 2868 »versibus
908 2821 1029 2866 atris“
1063 2823 1135 2880 qui
