2037 3619
962 352 1018 393 58

326 506 372 533 τε
404 490 476 533 καὶ
503 486 733 543 Σοφοκλῆς.
795 484 844 525 1η
878 483 1073 525 Ciliciam
1102 482 1233 542 igitur
1258 486 1294 526 si
1324 484 1567 528 Calchantis
1602 492 1646 525 et

328 573 547 607 certamen
569 571 612 604 et
633 568 820 602 mortem
843 556 1058 600 transtulit
1083 555 1326 616 Sophocles
1345 590 1359 613 ,
1394 574 1483 618 quo
1512 556 1645 602 modo

328 645 377 681 ut
398 638 542 680 futura
564 636 673 677 haec
695 642 930 693 potuerunt
948 631 1115 674 narrari
1136 629 1156 673 Ρ
1215 631 1367 689 Neque
1388 634 1504 676 enim
1526 648 1649 693 prae·

328 712 490 755 dictum
512 719 605 753 erat
626 707 851 752 Calchanti
870 739 884 762 ‚
917 706 994 750 ubi
1017 716 1229 749 terrarum
1251 701 1488 750 moriturus
1504 719 1613 752 esset
1631 740 1645 764 ,

326 785 400 828 sed
421 786 508 827 hoc
531 794 697 826 tantum
719 783 801 841 ipsi
835 782 1083 839 εἱμαρμένον
1116 779 1191 839 ἦν,
1221 782 1460 827 ἀποθανεῖν
1476 813 1490 831 ,
1521 785 1652 830 ὅταν

325 860 527 916 κρείττονι
559 863 708 904 ἑαυτοῦ
735 864 882 914 μάντει
912 863 1108 916 περιτύχῃ
1128 857 1193 916 (1)
1215 873 1228 912 3
1261 872 1403 917 neque
1425 859 1531 901 mihi
1552 874 1652 917 per-

326 933 488 978 suadeo
506 967 519 991 ,
553 934 608 978 ab
634 933 721 977 alio
758 940 858 978 vate
889 934 936 977 in
968 931 1199 994 Sophoclis
1233 932 1396 977 Fabula
1427 932 1655 977 Calchanti

326 1011 551 1054 obiectum
579 1007 710 1052 fuisse
726 1041 740 1063 ,
773 1008 819 1051 in
841 1008 994 1052 Cilicia
1026 1010 1170 1069 ipsum
1198 1019 1386 1053 mortem
1413 1009 1655 1067 obiturum,

327 1099 441 1143 quae
461 1083 683 1128 Welckeri
706 1094 770 1126 est
786 1084 1001 1127 sententia
1016 1082 1114 1142 (Gr.
1131 1085 1206 1128 Tr.
1231 1101 1277 1143 p.
1304 1084 1440 1143 123.).
1478 1085 1652 1143 Itaque,

326 1170 373 1201 ut
393 1158 509 1202 facta
525 1158 560 1201 si
582 1167 758 1200 narrata
779 1158 938 1201 suntin
959 1158 1135 1216 Ἑλένης
1157 1160 1377 1216 ἀπαιτήσει
1395 1157 1653 1218 Sophoclis,

326 1233 441 1276 facta
462 1247 596 1291 quum
618 1232 704 1274 sint
725 1233 771 1274 in
794 1231 936 1275 reditu
960 1233 1228 1276 Graecorum
1243 1244 1347 1293 post
1367 1243 1655 1293 expugnatam

327 1307 507 1351 Troiam
528 1305 592 1366 (2)
605 1338 618 1362 ,
636 1306 761 1349 huius
780 1304 969 1351 Fabulae
993 1318 1292 1367 argumentum
1312 1305 1368 1351 ad
1388 1308 1531 1367 ipsum
1543 1305 1658 1351 redi-

331 1389 425 1425 tum
450 1378 605 1425 referri
631 1381 855 1440 oportebit
873 1412 886 1436 ,
933 1388 1008 1424 aut
1036 1392 1136 1441 post
1167 1396 1265 1425 eum
1289 1397 1301 1425 τ
1352 1396 1484 1441 quum
1514 1392 1659 1425 autem

331 1467 437 1499 tunc
467 1455 700 1514 temporis,
729 1456 809 1498 nisi
839 1470 892 1498 ex
921 1457 1146 1515 Aegypto,
1177 1456 1294 1499 nulla
1315 1457 1446 1500 fuerit
1466 1456 1659 1500 Helenae

330 1529 559 1591 repetitio,
593 1544 652 1572 ex
672 1531 868 1589 Aegypto
891 1530 1105 1573 Helenam
1138 1532 1361 1592 repetitam
1387 1530 1558 1575 finxisse
1583 1530 1660 1574 So-

329 1605 558 1666 phoclem,
579 1606 787 1663 sequitur.
852 1604 953 1659 Quo
976 1605 1110 1648 modo
1133 1595 1281 1649 autem
1298 1606 1545 1648 Calchantis
1562 1606 1654 1649 fata

332 1679 522 1724 Fabulae
549 1679 781 1722 intexuerit
802 1678 1068 1739 Sophocles,
1093 1678 1293 1738 equidem
1316 1679 1487 1723 nescio:
1514 1680 1660 1740 potuit

332 1766 478 1798 tamen
506 1755 598 1813 ipse
626 1753 875 1809 Menelaus,
910 1768 1043 1812 quum
1065 1764 1230 1814 septem
1253 1768 1391 1797 annos
1413 1753 1658 1797 circumva-

335 1837 457 1890 gatus
476 1828 607 1871 fuerit
621 1861 633 1880 ‚
657 1828 727 1871 vel
752 1828 843 1887 ipse
863 1828 909 1871 in
934 1828 1130 1871 Ciliciam
1151 1828 1397 1888 profectus,
1431 1829 1502 1872 vel
1523 1828 1658 1872 aliun·

336 1904 415 1959 de,
444 1904 553 1947 haec
584 1903 870 1963 cognovisse:
915 1903 1060 1962 potuit
1086 1903 1220 1963 igitur
1247 1918 1423 1948 narrare
1450 1904 1537 1947 hoc
1564 1902 1661 1946 Cal-

336 1979 503 2022 chantis
549 1988 796 2033 certamen,
831 1987 876 2021 et
916 1993 1004 2037 quo
1054 1977 1190 2021 modo
1228 1978 1284 2021 ab
1330 1978 1491 2039 Mopso
1527 1979 1665 2021 victus

335 2055 413 2099 sit:
456 2053 589 2113 idque
633 2068 689 2096 eo
732 2052 912 2096 fortasse
951 2053 1134 2096 consilio
1167 2054 1384 2109 narravit,
1417 2064 1467 2097 ut
1504 2053 1662 2114 proba·

338 2136 431 2185 ret,
450 2143 579 2187 quam
601 2141 715 2170 vana
734 2127 895 2169 luerint
912 2126 1160 2169 Calchantis
1176 2128 1406 2181 vaticinia,
1432 2128 1507 2186 qui
1525 2143 1665 2186 neque

340 2202 396 2247 de
423 2202 529 2246 falsa
561 2201 730 2245 Helena
761 2199 998 2259 quidquam
1030 2201 1206 2246 Graecis
1237 2201 1494 2261 prodiderit.
1566 2202 1665 2245 Hoc

341 2287 460 2321 certe
477 2276 524 2320 in
545 2276 640 2336 ipsa
655 2274 871 2336 Euripidis
883 2276 1049 2320 Helena
1068 2276 1255 2322 Menelai
1274 2276 1419 2321 socius
1440 2276 1665 2321 Calchanti

341 2351 573 2411 exprobrat
601 2350 680 2410 (vs.
706 2350 811 2410 766.
835 2351 978 2410 sqq.):

386 2527 433 2572 (1)
456 2528 503 2561 Cf.
528 2528 625 2561 Tzetz.
650 2526 689 2560 ad
712 2527 873 2571 Lycophr.
898 2537 943 2558 vs.
959 2526 1039 2558 427.
1088 2522 1265 2568 Κάλχας,
1290 2510 1317 2567 ᾧ
1341 2521 1503 2570 χρησμὸς
1524 2519 1672 2568 ἐδόθη,

341 2584 400 2618 ὅτι
431 2586 547 2621 τότε
576 2587 785 2630 θνήξεται,
815 2583 880 2617 ὅτε
906 2583 1095 2628 κρείττονι
1120 2580 1258 2614 ἑαυτοῦ
1282 2580 1432 2624 ἐντύχοι
1455 2582 1604 2621 μάντει.

388 2643 436 2689 (2)
458 2655 489 2677 v.
524 2643 626 2676 strab.
661 2644 734 2676 init.
771 2643 795 2675 l.
820 2653 847 2675 c.
873 2640 913 2674 ab
947 2641 1053 2673 Herm..
1076 2637 1230 2681 λέγεται
1255 2634 1302 2669 δὲ
1324 2635 1481 2682 Κάλχας
1502 2654 1552 2662 -—-
1575 2636 1672 2671 κατὰ

342 2702 410 2745 τὴν
433 2702 474 2736 ἐκ
500 2700 639 2748 Τροίας
669 2700 856 2735 ἐπάνοδον
877 2700 980 2742 πεζῇ
1000 2693 1378 2740 ’δεῦρο’ἀφοκέσθαη
1413 2705 1486 2725 cum
1512 2694 1673 2727 Strabonis

343 2760 410 2792 loco
433 2760 476 2792 cf.
499 2759 600 2792 Taetz.
624 2757 664 2791 ad
687 2758 850 2802 Lycophr.
872 2767 917 2789 va.
941 2756 1010 2788 427
1035 2760 1067 2787 et
1090 2752 1182 2785 980:
1220 2749 1338 2786 Μετὰ.
1360 2750 1431 2797 γὰρ
1459 2750 1528 2795 τὴν
1552 2748 1670 2784 Ἰλίου

345 2813 533 2861 πόρθησιν
557 2813 712 2859 Κάλχας
736 2834 782 2840 ——
806 2813 923 2859 δεῦρο
947 2810 1175 2856 πορεύονται
1201 2810 1256 2848 εἰς
1279 2808 1469 2843 Κιλικίαν.
