2037 3619
1062 385 1118 426 60

420 522 686 566 Graecorum
710 519 955 578 tragoediae
977 522 1151 561 natura:
1179 521 1358 563 »Graeci
1374 523 1487 564 enim
1509 536 1594 563 non
1611 536 1728 579 quas·

421 612 591 656 cunque
612 610 678 638 res
699 592 943 654 Tragoedia
966 592 1118 654 dignas
1138 593 1332 638 iudicare
1354 596 1549 641 solebant
1562 629 1574 651 ‚
1593 594 1668 639 sed
1690 595 1737 637 il-

417 672 558 714 lorum
580 679 746 711 tantum
767 669 992 711 hominum
1015 683 1134 711 casus
1156 678 1201 711 et
1226 668 1340 711 facta
1363 669 1407 711 in
1438 685 1610 713 scenam
1639 683 1739 729 pro-

414 745 631 801 ferebant,
682 759 790 803 quos
824 742 1025 788 fabulosa
1067 743 1293 802 antiquitas
1331 754 1375 787 et
1414 746 1735 806 mythologie-ae

412 818 667 862 traditiones
703 819 909 862 historiae
935 818 1208 862 intermixtae
1237 826 1445 877 tanquam
1476 820 1661 863 maiores
1693 830 1736 862 et

411 894 650 937 nobiliores
672 904 802 953 atque
824 892 1136 937 necessitudine
1165 893 1349 953 quadam
1383 910 1481 937 cum
1509 894 1602 936 Diis
1629 911 1734 938 con-

410 971 585 1013 iunctos
603 970 745 1031 poetis
764 967 1048 1013 celebrandos
1071 968 1338 1013 offerebant”
1364 969 1447 1030 (1).
1510 969 1737 1029 Euripides

408 1046 540 1106 igitur
562 1061 713 1105 saepe,
745 1061 770 1088 a
793 1046 1083 1105 superioribus
1113 1051 1342 1103 praerepta
1362 1045 1397 1086 si
1419 1050 1528 1087 esset
1549 1043 1736 1104 vulgaris

407 1119 523 1163 fama
542 1152 555 1175 ,
596 1135 755 1163 novam
786 1120 1032 1179 excogitare
1065 1119 1300 1178 cogebatur
1319 1151 1332 1173 ,
1368 1128 1440 1161 aut
1469 1118 1735 1177 incognitam

408 1192 549 1239 adhuc
571 1193 768 1255 proferre
788 1194 835 1238 in
855 1210 1045 1239 scenam.
1110 1193 1225 1237 Hinc
1256 1214 1275 1233 υ
1291 1193 1336 1237 in
1362 1191 1537 1237 diversis
1564 1203 1732 1254 tragoe-

406 1269 510 1327 diis,
542 1270 660 1330 quod
682 1286 781 1314 raro
804 1269 1068 1330 Sophocles,
1103 1285 1323 1329 nunquam
1344 1269 1526 1313 fortasse
1544 1269 1731 1328 Aeschy-

407 1345 472 1389 lus
486 1378 500 1401 ,
534 1346 761 1405 aliquoties
777 1344 970 1388 diversos
992 1356 1192 1389 auctores
1212 1345 1294 1388 fuit
1311 1346 1357 1388 in
1377 1344 1533 1388 fabulis
1553 1360 1729 1387 narran-

408 1420 474 1464 dis
502 1419 726 1475 secutus,'’
755 1430 804 1462 ut
840 1431 959 1463 recte
995 1419 1329 1464 Valckenaerius
1368 1421 1513 1464 Diaer.
1549 1435 1589 1463 c.
1620 1436 1729 1463 xvn.

407 1496 453 1539 in
474 1496 506 1540 f.
520 1528 533 1551 ,
568 1494 812 1555 exemplum
834 1494 959 1537 simul
981 1494 1204 1554 proferens
1229 1495 1352 1538 huius
1381 1493 1598 1555 Euripidis
1624 1509 1728 1538 con-

406 1569 641 1614 suetudinis
678 1586 729 1613 ex
761 1570 851 1612 eius
884 1570 1022 1612 Inone
1051 1576 1095 1613 et
1117 1569 1296 1625 Medea,
1327 1570 1396 1613 cui
1417 1569 1546 1628 ‘plura
1575 1569 1733 1613 addere

406 1647 537 1690 licet:
572 1644 627 1689 ad
647 1660 824 1688 manum
845 1655 943 1687 sunt
959 1677 972 1700 ,
1006 1660 1113 1703 quae
1133 1645 1268 1688 habet
1297 1644 1524 1704 Euripides
1546 1644 1591 1687 in
1612 1645 1729 1703 Iphi-

400 1726 569 1781 geniis:
595 1719 832 1763 secundum
859 1720 1091 1763 Tauricam
1114 1720 1229 1762 enim
1258 1720 1526 1778 Iphigeniam
1558 1720 1619 1779 (v.
1644 1735 1730 1763 VSS.

408 1795 463 1850 8,
490 1794 572 1854 176
588 1827 601 1850 ,
629 1793 714 1838 568
739 1809 852 1852 sqq.,
876 1809 986 1853 779,
1009 1809 1095 1854 792
1121 1793 1225 1853 cet.)
1245 1793 1399 1837 Graeci
1422 1794 1655 1854 putabant,
1677 1811 1726 1838 re

405 1884 506 1912 vera
534 1878 766 1911 mactatam
797 1882 887 1910 esse
917 1868 962 1909 in
993 1866 1150 1912 Aulide
1174 1867 1409 1926 virginem:
1434 1867 1479 1909 in
1502 1867 1731 1911 Aulidensi

405 1959 511 1987 vero
538 1942 599 2001 (v.
618 1958 703 1986 vss‚
728 1940 858 1999 1595.
879 1941 995 2000 sqq.)
1009 1974 1021 1996 ,
1040 1941 1085 1983 id
1111 1953 1229 1985 certe
1251 1941 1464 1994 sciebant,
1490 1957 1663 1985 cervam
1683 1943 1728 1985 in

402 2017 492 2062 eius
524 2016 670 2061 locum
697 2015 826 2060 fuisse
853 2015 1152 2072 substitutam,
1190 2015 1327 2076 ipsam
1361 2014 1615 2077 disparuisse
1645 2015 1726 2076 (2).

401 2093 474 2137 Sic
492 2094 539 2135 in
560 2092 657 2152 Iph.
685 2093 821 2136 Taur.
845 2090 925 2150 (vs.
950 2090 1069 2150 548.)
1086 2123 1099 2146 ,
1129 2097 1177 2133 ut
1195 2092 1242 2134 in
1262 2090 1439 2134 Electra
1459 2106 1630 2151 quoque
1648 2091 1727 2151 (νε.

394 2234 472 2280 quid
491 2234 529 2267 de
549 2232 697 2278 Euripide
726 2233 849 2276 dicam,
873 2235 930 2279 qui
950 2235 1055 2267 omnia
1072 2232 1112 2267 ad
1129 2245 1237 2267 scenae
1262 2244 1355 2266 usum
1378 2233 1455 2267 adeo
1475 2234 1657 2279 plerumque
1680 2247 1733 2268 or-

394 2292 498 2333 navit,
533 2297 590 2324 aut
613 2291 802 2335 excogitavit
823 2293 949 2335 potius,
995 2298 1033 2323 ut
1062 2302 1174 2323 novam
1203 2302 1329 2335 prorsus
1357 2302 1457 2337 neque
1489 2298 1561 2324 ante
1594 2292 1731 2326 auditam

393 2351 581 2394 exprimeret
602 2347 782 2381 fabularum
805 2348 907 2381 veluti
927 2349 1132 2393 imaginem.”

439 2407 489 2453 (1)
512 2405 611 2439 Verba
641 2412 714 2438 sunt
746 2405 926 2449 Westrikii,
960 2406 1001 2439 de
1027 2406 1169 2450 Choefflt.
1194 2417 1230 2450 p·
1258 2406 1358 2448 121„
1389 2417 1482 2451 quem
1505 2405 1577 2439 vide
1602 2406 1640 2440 de
1668 2407 1732 2448 iis,

390 2477 468 2511 quae
493 2463 657 2508 Euripides
681 2465 716 2497 in
739 2465 881 2497 Electra
903 2464 1040 2497 novavit.

437 2522 484 2567 (2)
510 2521 598 2553 Modo
619 2520 696 2554 haec
719 2520 759 2553 ab
783 2521 931 2566 Euripide
951 2522 1092 2565 prosecta
1116 2522 1189 2553 sint.
1227 2532 1245 2553 »
1258 2520 1318 2554 Illa
1331 2522 1414 2554 enim
1428 2521 1539 2554 fabula
1548 2523 1732 2567 Iphigenia

390 2579 591 2612 Aulidensis
614 2577 724 2611 multis
750 2577 828 2610 locis
861 2578 1049 2623 interpolata
1074 2584 1107 2610 et
1129 2578 1274 2611 mutilata
1287 2602 1297 2620 ,
1330 2578 1384 2611 vix
1416 2578 1594 2624 Euripidem
1619 2585 1731 2612 aucto-

391 2649 453 2670 rem
479 2636 613 2677 habere,
639 2644 719 2668 certe
749 2643 834 2669 totus
854 2636 989 2669 Fabulae
1014 2637 1107 2678 finis,
1131 2636 1203 2669 inde
1227 2647 1245 2668 a
1268 2647 1312 2668 vs.
1347 2637 1437 2669 1535
1466 2648 1528 2669 non
1551 2649 1613 2670 esse
1637 2639 1730 2670 Euri-

389 2694 494 2738 pidis”
517 2693 641 2726 videtur
666 2693 828 2725 nonnullis
847 2694 924 2726 viris
944 2693 1043 2726 doctis
1059 2716 1069 2734 ,
1106 2698 1143 2724 ut
1164 2691 1331 2739 Matthiaeo
1361 2693 1395 2725 in
1428 2693 1500 2726 adn.
1522 2693 1562 2727 ad
1584 2695 1659 2738 Iph.
1684 2694 1726 2728 A.

389 2752 460 2784 init.
480 2758 512 2783 et
533 2750 572 2783 ad
590 2762 635 2782 vs.
651 2751 759 2784 1508:
786 2751 828 2783 cf.
845 2750 992 2783 Westrik.
1004 2750 1041 2784 ll.
1054 2762 1087 2795 p.
1100 2751 1156 2782 67.
1205 2749 1286 2792 Quae
1304 2756 1408 2783 tamen
1427 2753 1566 2796 quaestio
1586 2751 1723 2785 nondum

390 2808 519 2841 diremta
546 2807 691 2842 videtur:
715 2819 817 2853 nuper
846 2814 928 2841 certe
954 2807 1197 2841 dissertationem
1221 2808 1261 2840 do
1279 2809 1367 2841 Eur.
1390 2810 1464 2853 [ph.
1485 2810 1565 2842 Aul.
1590 2814 1724 2843 auctore

388 2867 541 2909 scripsisse
565 2865 781 2907 Bartschium,
807 2866 937 2910 cognovi
958 2877 997 2899 ex
1021 2866 1291 2898 Zimmermanm’
1306 2866 1410 2898 Βίαν.
1433 2866 1533 2899 1837.
1562 2865 1639 2898 151.
1666 2867 1691 2899 s.

1961 0 2037 45 V,
