2037 3619
1020 384 1077 426 68

399 537 594 575 menum,
631 521 762 565 filium
793 518 972 577 impium
991 518 1081 578 (1),
1115 520 1188 578 qui
1221 518 1415 565 Helenae
1458 522 1720 567 connubium

399 609 625 658 appetens,
648 611 745 639 cum
760 595 898 654 ipsam
919 593 975 636 ad
995 609 1205 637 summam
1225 594 1441 655 redigeret
1460 600 1717 642 anxietatem

399 673 651 729 consiliique
685 671 900 729 inopiam,
930 679 1023 712 tum
1061 668 1262 713 Menelao
1298 686 1511 716 summum
1550 684 1718 734 pareret

401 746 638 807 periculum
662 747 742 805 (vs.
774 744 917 804 155.):

562 852 709 887 κτείνει
739 849 812 901 γάρ
841 847 1007 895 ’Ἕλλην’
1041 847 1165 885 ὅντιν’
1199 845 1247 884 ἄν
1276 847 1376 900 λάβῃ
1403 848 1528 891 ξένον.

398 939 456 979 ita
498 948 545 979 ut
583 939 675 995 ipsa
705 937 872 980 Helena
910 935 963 978 de
991 935 1125 978 salute
1151 935 1404 996 desperans,
1438 936 1492 978 ad
1521 937 1721 978 maritum

403 1011 520 1055 dicat
550 1011 629 1071 (vs.
654 1011 779 1072 795.)

720 1122 775 1130 —
802 1101 942 1140 ἐνθάδ’
976 1097 1099 1151 ἦλθες
1126 1105 1185 1145 εἰς
1214 1103 1379 1154 σφαγάς.

460 1196 703 1240 Menelaum
736 1208 904 1251 autem,
929 1197 1072 1239 multis
1102 1196 1398 1257 indigenarum
1428 1197 1615 1252 necatis,
1649 1212 1722 1240 au·

401 1272 557 1332 fugisse
590 1272 651 1331 (in
680 1272 765 1315 fine
787 1271 822 1315 F
824 1271 911 1331 ab.)
928 1303 941 1327 ‚
975 1287 1024 1315 ea
1050 1287 1222 1331 quoque
1243 1271 1440 1314 videntur
1461 1273 1611 1315 hausta
1635 1288 1725 1316 esse

404 1362 458 1389 ex
479 1344 695 1389 Herodoti
717 1346 965 1389 narratione
987 1344 1047 1405 (c.
1079 1346 1226 1405 119.):
1260 1347 1481 1397 Μενέλαος
1509 1350 1728 1406 ἐπιτεχνᾶ-

403 1439 476 1466 ται
516 1426 683 1479 πρῆγμα
716 1423 790 1465 οὐκ
823 1422 952 1466 ὅσιον·
989 1420 1131 1479 λαβὼν
1156 1424 1235 1478 γὰρ
1267 1422 1340 1468 δύο
1377 1423 1527 1466 παιδία
1563 1424 1728 1480 ἀνδρῶν

409 1499 666 1556 ἐπιχωρίων,
715 1499 867 1552 ἔντομά
911 1513 1014 1551 σφεα
1059 1497 1220 1553 ἐποίησε
1260 1521 1316 1529 —-
1357 1500 1544 1556 μισηθείς
1579 1517 1622 1543 τε
1660 1502 1731 1543 καὶ

406 1575 654 1628 διωκόμενος
682 1573 814 1631 οἴχετο
845 1577 1005 1627 φεύγων
1035 1577 1125 1627 τῇσι
1155 1574 1273 1628 νηυσὶ
1302 1591 1339 1615 κ.
1361 1590 1399 1616 τ.
1419 1573 1458 1616 λ.

465 1648 619 1691 Teucri
644 1662 873 1707 personam
887 1678 900 1702 ,
933 1648 1102 1701 nescio,
1125 1646 1239 1690 unde
1262 1649 1458 1691 sumserit
1478 1648 1725 1709 Euripides,

408 1724 619 1782 facileque
649 1739 769 1777 eam,
811 1735 858 1765 ut
893 1723 1101 1777 arbitror,
1135 1723 1335 1766 omittere
1364 1724 1594 1782 potuisset:
1629 1725 1730 1766 satis

414 1799 529 1842 enim
566 1798 639 1841 ille
680 1797 834 1858 frigide
875 1797 1001 1839 initio
1035 1795 1228 1840 Fabulae
1262 1796 1409 1856 prodit
1445 1799 1488 1840 in
1529 1814 1725 1851 scenam,

414 1873 605 1915 Helenae
628 1872 792 1915 scilicet
805 1904 817 1927 ‚
837 1870 937 1930 quid
963 1886 1013 1913 ex
1034 1871 1162 1913 Troia
1178 1903 1189 1925 ,
1215 1871 1317 1930 quid
1339 1887 1390 1914 ex
1406 1872 1587 1916 Graecia
1607 1874 1729 1930 novi,

412 1947 702 2008 exposituru53
757 1948 847 2007 ipse
891 1945 998 1988 nihil
1041 1946 1275 2006 impetrans
1318 1964 1493 2003 eorum,
1548 1965 1731 2007 quorum

411 2038 537 2066 causa
569 2033 769 2077 venerat,
803 2021 908 2065 abit.
948 2043 999 2049 —
1034 2020 1212 2076 Dicam,
1248 2021 1349 2080 quid
1392 2024 1495 2065 mihi
1539 2024 1731 2067 evenerit

412 2098 573 2158 legenti
612 2098 747 2140 verba
791 2094 1042 2139 Herodotea
1085 2096 1157 2153 (11.
1202 2096 1321 2155 114.)
1357 2097 1486 2141 “Hau
1519 2100 1650 2151 ξεῖνος
1672 2123 1734 2133 --

420 2173 541 2225 γένος
562 2174 637 2227 μὲν
660 2177 904 2226 Τεῦκροςε
924 2170 1039 2211 ultro
1056 2171 1159 2212 mihi
1182 2171 1225 2211 in
1243 2182 1431 2214 mentem
1450 2174 1569 2215 venit
1581 2175 1737 2217 Teucri

416 2246 529 2288 illius
558 2245 805 2304 Euripidei‚
837 2244 934 2303 qui,
976 2244 1020 2285 in
1051 2244 1294 2303 Aegyptum
1316 2244 1491 2288 vixdum
1514 2247 1734 2307 appulsus,

419 2336 468 2363 re
489 2321 651 2362 insecta
674 2318 863 2372 decedit,
887 2318 1017 2376 plane
1040 2328 1086 2359 ut
1104 2317 1177 2359 ille
1200 2334 1382 2377 »genere
1403 2320 1595 2363 Teucer''
1619 2321 1735 2381 apud

418 2391 721 2449 Herodotum,
756 2392 829 2452 qui
845 2392 905 2434 ita
927 2390 1081 2433 misere
1108 2389 1346 2449 relinquere
1365 2394 1606 2453 Aegyptum
1626 2396 1740 2439 intra

418 2468 606 2512 triduum
643 2485 669 2512 a
704 2469 866 2511 Proteo
901 2482 1002 2526 rege
1033 2466 1220 2511 iubetur.
1284 2466 1399 2521 Quid
1428 2469 1545 2527 quod
1570 2471 1738 2531 Euripi·

462 2629 510 2675 (1)
535 2630 652 2662 Nomen
673 2628 893 2674 Theoclymeni
919 2631 1054 2663 occurrit
1078 2642 1129 2675 ap.
1145 2630 1234 2663 Hom.
1253 2631 1369 2675 Odyss.
1389 2632 1453 2665 XV.
1467 2634 1547 2666 256.
1561 2652 1610 2659 —-
1622 2634 1744 2666 Famam

413 2687 452 2720 de
471 2689 579 2732 impiis
602 2689 635 2719 in
661 2687 788 2720 Thracia
809 2688 912 2719 Protei
933 2688 1009 2720 filiis
1035 2688 1130 2721 habet
1152 2689 1329 2722 Eustathius
1351 2690 1390 2723 ad
1410 2693 1526 2735 Odyss.
1551 2693 1602 2724 lv.
1617 2705 1649 2737 p.
1667 2695 1744 2726 172.

416 2744 468 2789 τῷ
482 2744 635 2790 Πρωτεῖ
654 2745 792 2784 παῖδες
812 2743 879 2786 μὲν
898 2737 987 2790 ἦσαν
1008 2745 1198 2784 κακόξενοι
1220 2746 1284 2779 καὶ
1303 2747 1355 2794 τῷ
1370 2749 1490 2797 πατρὶ
1510 2750 1748 2794 δυςπειθεῖς,

414 2801 592 2847 eosdemque
614 2802 852 2847 ξενοκτόνους
871 2804 966 2836 fuisse
988 2803 1067 2837 dicit
1088 2805 1123 2837 in
1136 2805 1261 2848 Diony&
1287 2805 1404 2848 Perieg.
1419 2818 1449 2838 v.
1471 2808 1559 2845 259;
1583 2818 1613 2839 v.
1636 2807 1749 2840 Potter.

412 2862 445 2891 in
469 2860 622 2904 Lycophr.
650 2862 831 2895 Cassandr.
856 2874 898 2895 vs.
927 2863 1003 2895 116.
