2037 3619
973 387 1028 427 55

326 522 516 576 Deinde,
539 536 665 579 quam
686 523 923 583 Sophocles
941 525 1146 583 expressit
1169 524 1362 568 Helenae
1385 527 1639 570 sententiam

321 599 412 658 (ap.
439 596 587 641 Schol.
612 598 830 659 Aristoph.
848 599 933 659 Eq.
955 614 1016 643 vs».
1036 599 1155 658 84),
1189 593 1256 643 his
1279 599 1470 644 versibus
1490 616 1502 643 ε

457 723 574 770 Ἐμοὶ
602 718 647 760 δὲ
675 723 823 774 λῷστον
852 714 951 772 αἷμα
980 724 1166 773 ταύρειον
1195 730 1306 761 πιεῖν

454 794 521 829 καὶ
547 791 602 842 μή
628 805 672 844 γε
699 793 824 831 πλείω
851 787 907 845 (?)
934 790 1048 830 τῶνδ’
1077 791 1186 839 ἔχειν
1215 793 1462 844 δυςφημίας’

328 902 495 947 easdem
517 902 572 948 de
591 905 799 962 δυςφημία
819 904 1016 963 querelas
1041 918 1169 963 saepe
1195 903 1381 948 effundit
1405 905 1572 950 Helena
1593 908 1636 953 in
1715 917 1717 919 ’

323 977 537 1039 Euripidis
555 994 685 1040 cogn.
710 978 896 1034 Fabula,
930 986 977 1022 ut
998 994 1062 1022 vs.
1088 978 1144 1022 53
1165 994 1179 1021 t

886 1118 940 1127 —-
967 1098 989 1147 ἦ
1016 1096 1062 1138 δὲ
1089 1100 1216 1137 πάντα
1242 1100 1353 1138 τλᾶσ*
1385 1099 1460 1153 ἐγὼ

454 1169 758 1218 κατάρατός
785 1172 895 1218 εἰμι,
924 1171 991 1206 καὶ
1020 1168 1154 1206 δοκῶ
1180 1163 1371 1220 προδοῦσ’
1394 1169 1488 1219 ἐμὸν

449 1238 594 1286 πόσιν,
623 1238 797 1287 συνάψαι
826 1239 998 1287 πόλεμον
1028 1238 1226 1286 υΕλλησιιε
1253 1237 1390 1290 μέγαν·

451 1310 491 1343 τί
519 1302 601 1354 δῆτ’
633 1306 692 1344 ἔτι
721 1306 799 1348 ζὼς
826 1324 880 1333 ·—

316 1418 391 1460 eff.
430 1433 514 1462 vss.
551 1418 638 1471 66,
675 1416 779 1472 135,
805 1416 922 1476 278,
948 1419 1055 1475 949.
1107 1416 1486 1471 Quemadmodum
1503 1419 1632 1479 igitur

317 1492 511 1552 Euripidi
528 1493 673 1535 insons
691 1502 784 1534 erat
800 1490 962 1534 Helena
986 1503 1031 1534 et
1053 1490 1134 1549 (vs.
1158 1490 1286 1550 633.)

581 1633 634 1640 -.
662 1611 833 1662 φήμας
858 1604 901 1648 ’δ’
930 1610 953 1659 ἡ
982 1611 1149 1649 τάλαινα
1179 1612 1371 1664 Τυνδαρὶς

447 1682 575 1724 ἄλλως
605 1682 772 1723 κακὰς
801 1681 966 1728 ἤκουσεν
996 1678 1154 1718 οὐδὲν
1181 1685 1350 1718 αἰτία·

311 1792 373 1834 ita
407 1788 671 1849 Sophoclem
710 1801 884 1846 quoque
925 1788 1140 1831 insontem
1179 1787 1345 1832 finxisse
1382 1788 1592 1833 Helenam
1610 1822 1624 1846 ,

313 1865 532 1925 suspicias,
571 1889 624 1898 —
666 1863 884 1920 Denique,
921 1877 1007 1921 quo
1038 1861 1217 1922 flagrare
1255 1862 1426 1906 videtur
1461 1864 1628 1908 Helena

315 1938 579 1984 Hermionae
601 1934 714 1980 filiae
735 1934 946 1980 desiderio
967 1935 1080 1995 apud
1102 1934 1365 1995 Sophoclem
1389 1936 1460 1995 (fr.
1483 1940 1607 1998 791.)

446 2061 514 2096 καὶ
539 2057 610 2095 τὰν
633 2056 816 2107 νέορτον,
846 2049 893 2098 οἷς
921 2049 974 2093 ἔτ’
1007 2055 1173 2100 ἄστολος
1200 2056 1323 2104 χιτὼν

444 2131 616 2180 θυραῖον
644 2125 746 2177 ἀμφὶ
773 2125 897 2177 μηρὸν

445 2200 688 2242 πτύσσεται,
720 2196 948 2248 Ἑρμιόναν.

311 2310 426 2355 idem
447 2308 705 2354 desiderium
726 2305 878 2351 eadem
903 2307 1106 2367 exprimit
1132 2306 1246 2368 apud
1278 2307 1526 2368 Euripidem
1556 2325 1620 2356 vs,

315 2387 416 2444 2902
439 2384 560 2444 (coll.
583 2398 666 2427 vss.
691 2382 804 2441 706,
825 2380 915 2439 950
937 2381 1016 2440 al.)

440 2507 464 2544 ’ὃ
489 2505 525 2542 δ’
558 2502 758 2556 ἀγλάϊσμα
784 2502 970 2552 δωμάτων
998 2501 1096 2551 ἐμοῦ
1127 2509 1161 2538 τ’
1196 2479 1294 2551 ἔφυ,

440 2573 618 2626 θυγάτηρ
643 2569 858 2623 ἄνανδρος,
888 2570 1011 2610 πολιὰ
1038 2571 1359 2622 παρθενεύματα.

370 2685 621 2741 Praeterea,
655 2681 742 2728 duo
769 2693 867 2728 sunt
901 2697 1044 2727 versus
1080 2681 1206 2727 valde
1237 2684 1431 2744 corrupti
1459 2699 1511 2728 ex
1541 2683 1625 2728 So-

314 2759 481 2822 phoclis
508 2758 599 2805 Ἕλ
613 2758 633 2804 ε’
640 2777 702 2817 νη
714 2776 736 2810 ς
760 2756 1043 2812 ἀπαιτήσει
1058 2788 1071 2812 ,
1102 2771 1209 2815 quos
1227 2756 1289 2799 sic
1306 2755 1489 2816 scriptos
1502 2757 1632 2803 fuisse

315 2837 555 2897 suspicatur
576 2833 850 2880 Her-mannus
881 2830 1042 2892 (Praef.
1069 2829 1125 2875 ad
1142 2831 1295 2877 Helen.
1318 2846 1363 2891 p.
1386 2830 1494 2891 xlx.)
