2037 3619
1082 368 1137 408 66

456 499 614 554 tonsis,
646 498 873 558 persuadet
892 499 1241 559 Theoclymeno,
1258 518 1283 544 a
1305 505 1533 548 venatione
1551 503 1778 561 redeunti,

457 573 633 631 periisse
655 572 922 628 Menelaum3
945 574 1065 617 cuius
1086 575 1150 618 rei
1172 576 1289 619 testis
1310 592 1439 635 quum
1460 578 1568 623 adsit
1589 577 1778 624 Graecus

457 648 681 706 naufragus
711 647 757 689 in
793 647 939 691 Protei
977 649 1143 692 tumulo
1171 649 1358 694 assidens
1379 652 1488 711 (ipse
1510 671 1663 715 nempe
1681 656 1776 699 Me-

457 720 616 779 nelaus)
632 753 644 776 ‚
667 723 837 782 nuptias
857 738 903 766 se
923 738 1037 766 nunc
1053 723 1225 783 quidem
1240 740 1329 771 non
1351 726 1533 787 amplius
1552 745 1775 785 recusare,

455 796 589 839 modo
629 798 743 839 iusto
784 809 908 841 autea
945 800 1187 858 sepulturae
1228 800 1398 843 honore
1441 802 1535 860 ipsa
1582 805 1778 848 affecerit

454 882 675 914 mortuum
713 873 940 929 maritum,
974 873 1210 917 secundum
1247 873 1514 919 Graecorum
1535 891 1694 924 mores.
1720 902 1773 909 -—-

454 947 647 989 Poscunt
685 949 816 1006 igitur
854 965 1029 1003 navem,
1061 961 1246 1007 poscunt
1281 950 1385 1003 alia,
1420 951 1573 1008 quibus
1596 953 1641 994 in
1664 954 1775 994 mari

453 1022 704 1083 cenotaphii
738 1023 906 1067 honore
934 1023 1128 1067 afficiant
1165 1022 1523 1080 Menelaum,‘in
1560 1026 1668 1069 mari
1701 1027 1774 1086 qui

452 1098 645 1154 perierit.
690 1125 747 1132 —-
782 1099 860 1141 His
882 1101 1121 1158 impetratis
1140 1131 1153 1154 ,
1188 1100 1320 1142 altum
1351 1110 1502 1159 petunt
1534 1111 1601 1155 et,
1631 1102 1778 1145 multis

449 1172 672 1231 Aegyptiis
701 1173 774 1231 qui
804 1189 887 1215 una
922 1174 1170 1233 navigarant
1208 1174 1397 1229 necatis,
1438 1174 1681 1235 aufugiunt.
1715 1202 1776 1209 —

448 1246 485 1287 T
487 1248 815 1305 heoclymenus,
849 1249 913 1289 his
934 1247 1111 1301 auditis,
1137 1246 1356 1302 sororem,
1376 1262 1484 1305 quae
1506 1249 1613 1291 haec
1632 1250 1775 1308 ipsum

450 1320 677 1377 celaverit,
711 1321 955 1366 interficere
977 1338 1106 1381 quum
1130 1332 1278 1381 parat,
1314 1333 1521 1381 apparent
1547 1323 1771 1379 Dioscuri,

454 1394 647 1438 Helenae
676 1395 853 1451 fratres,
884 1407 927 1439 et
960 1396 1101 1439 fabula
1132 1396 1317 1439 feliciter
1345 1396 1560 1455 explicit.''
1583 1422 1641 1429 —

510 1470 634 1513 Haec
656 1471 746 1514 fere
767 1487 932 1514 summa
954 1472 1142 1514 Fabulae
1171 1471 1460 1530 Euripideae:
1494 1473 1539 1515 in
1563 1487 1647 1530 qua
1671 1488 1771 1516 cum

447 1543 527 1587 alia
556 1545 736 1588 fortasse
766 1562 818 1588 ex
839 1546 1072 1588 Stesichori
1096 1544 1326 1587 Palinodia
1354 1546 1505 1588 sumsit
1527 1546 1686 1602 Poeta,
1717 1547 1772 1590 de

448 1620 603 1677 quibus
624 1636 751 1679 supra
775 1620 835 1679 (p.
861 1620 917 1673 34
939 1619 1054 1678 sqq.)
1078 1619 1282 1674 diximus,
1310 1630 1401 1662 tum
1416 1651 1428 1671 ‚
1453 1619 1620 1662 disertis
1644 1622 1680 1663 si
1707 1624 1773 1663 ni-

446 1693 624 1737 tendum
648 1706 712 1738 est
733 1695 1004 1749 testimoniis,
1027 1694 1185 1745 famam
1208 1694 1325 1737 illam
1350 1693 1404 1737 de
1426 1694 1617 1738 Helenae
1638 1697 1772 1739 simu-

446 1768 568 1810 lacro
608 1784 633 1811 a
674 1769 830 1811 Paride
866 1770 1044 1811 Troiam
1079 1769 1250 1821 ablato,
1285 1768 1339 1810 de
1370 1784 1455 1827 quo
1486 1771 1770 1828 pugnaverint

446 1842 601 1888 Graeci
624 1856 667 1888 et
687 1845 862 1888 Troiani
881 1859 892 1888 :
927 1859 1055 1903 quam
1074 1846 1133 1887 ita
1162 1859 1262 1887 cum
1282 1843 1498 1887 Herodoti
1520 1845 1767 1889 narratione

445 1920 694 1973 coniunxit,
727 1931 775 1961 ut
802 1920 893 1978 ipse
926 1934 949 1961 a
985 1919 1206 1961 Mercurio
1239 1919 1284 1960 in
1319 1919 1563 1978 Aegyptum
1585 1920 1767 1962 transla-

447 2005 534 2037 tam
566 1994 776 2038 Helenam
811 1994 1005 2050 finxerit;
1037 2010 1089 2037 ex
1119 1992 1348 2037 Herodoto
1374 2001 1519 2037 autem
1542 1995 1769 2050 sumserit,

442 2069 676 2124 Proteum,
713 2069 817 2111 dum
854 2080 1116 2128 pugnaretur
1146 2076 1245 2111 ante
1273 2068 1477 2123 Troiam,
1502 2069 1546 2111 in
1566 2069 1769 2128 Aegypto

442 2158 676 2186 asservasse
709 2144 947 2198 Helenam,
980 2158 1107 2201 quam
1141 2141 1342 2185 redderet
1375 2143 1602 2186 Menelao:
1638 2159 1766 2202 quam

443 2217 659 2259 Herodoti
691 2233 832 2259 rursus
857 2219 1150 2259 narrationem
1177 2218 1236 2258 ita
1267 2217 1469 2271 variavit,
1504 2227 1570 2269 ut,
1603 2217 1767 2260 Proteo

442 2305 638 2347 mortun,
671 2293 1040 2352 Theoclymenum
1084 2307 1264 2335 uxorem
1307 2292 1478 2350 petiisse
1524 2291 1763 2348 Helenam,

443 2368 691 2411 Menelaum
715 2368 827 2410 clam
850 2382 948 2410 eam
968 2366 1218 2421 abduxisse,
1239 2365 1347 2421 alia,
1373 2366 1465 2425 ipse
1478 2365 1691 2409 invenerit
1711 2365 1767 2409 ad

442 2441 630 2486 Fabulae
658 2443 965 2486 oeconomiam
998 2454 1116 2485 recte
1150 2439 1473 2484 instituendam.
1503 2465 1566 2475 —
1589 2440 1766 2501 Singula

444 2518 572 2561 etiam
604 2518 847 2573 videamus,
878 2518 923 2561 in
966 2517 1119 2577 quibus
1158 2515 1373 2560 Herodoti
1402 2516 1648 2561 narratione
1670 2531 1768 2560 usus

446 2608 533 2636 esse
554 2593 722 2636 videtur
742 2595 962 2654 Tragicus.
995 2594 1043 2635 In
1065 2594 1158 2652 ipsa
1178 2593 1266 2634 iam
1283 2606 1437 2634 scenae
1458 2590 1765 2650 dispositione,

444 2671 487 2710 in
524 2684 608 2727 qua
648 2669 909 2727 conspicuae
942 2680 1063 2711 erant
1085 2666 1211 2711 aedes
1231 2667 1374 2726 regiae
1394 2666 1567 2721 Protei,
1599 2667 1766 2726 magni-

446 2742 526 2783 fice
546 2753 784 2785 exstructae
807 2743 866 2801 (v.
886 2758 967 2785 vss.
991 2743 1048 2786 68
1068 2757 1162 2800 sqq.
1177 2773 1189 2797 ,
1215 2743 1303 2799 449
1324 2741 1439 2801 sqq.)
1452 2773 1464 2796 ‚
1494 2740 1767 2801 sepulchrum

442 2815 588 2859 Protei
616 2817 692 2874 (vs.
729 2817 801 2869 64.
831 2817 910 2874 al.)
934 2817 987 2860 ad
1013 2816 1130 2875 quod
1146 2848 1158 2871 ,
1192 2817 1273 2875 ipsi
1298 2817 1487 2874 asylum,
1520 2832 1600 2875 per
1622 2823 1764 2860 totam
