2037 3619
961 373 1014 418 17

323 505 683 570 Welckerus(1),
716 510 955 572 ingeniosas
987 510 1059 556 ille
1094 511 1266 571 quidem
1296 512 1462 573 profert
1492 514 1641 556 conie-

325 594 488 628 cturas:
523 586 640 627 cuius
671 596 812 629 tamen
848 587 1041 642 inventa,
1072 587 1210 630 vereri
1240 602 1311 643 se,
1346 602 1401 631 ne
1435 586 1641 649 pleraque

324 660 634 704 dubitationem
655 662 860 716 habeant,
884 662 1052 704 monuit
1073 660 1343 718 ostenditque
1363 662 1537 705 Geelius
1552 661 1637 720 (2),

324 744 368 778 et
389 734 512 779 nobis
533 734 686 780 deinde
704 752 754 780 ea
772 734 827 779 de
848 751 896 779 re
914 733 1154 795 disputandi
1177 734 1297 778 locus
1319 733 1508 782 dabitur.
1550 737 1641 781 Ho-

325 825 420 851 rum
441 810 566 870 igitur
590 811 847 853 coniecturis
867 810 901 851 si
924 810 1049 888 nimis
1069 810 1260 851 tribuens
1280 825 1505 865 erravero,
1539 826 1640 854 cum

326 883 465 927 doctis
495 885 697 928 erravisse
719 883 907 940 iuvabit5
940 884 1028 940 sin,
1065 898 1206 944 meam
1233 883 1364 945 ipsius
1386 885 1639 945 opinionem

323 961 670 1002 coniecturamve
691 973 962 1018 proponens,
992 974 1138 1001 verum
1158 959 1297 1001 minus
1319 960 1503 1019 tetigisse
1522 959 1642 1003 vide-

321 1035 430 1091 bor,
464 1034 723 1078 consolabor
750 1048 819 1078 me
848 1034 935 1077 hoc
968 1033 1220 1078 Platonico:
1253 1034 1362 1079 ἀλλὰ
1389 1036 1460 1079 καὶ
1487 1037 1641 1095 ἐπιχει-

326 1115 411 1166 ρεῖν
441 1116 524 1162 τοῖς
554 1110 692 1161 καλοῖς
721 1110 871 1164 καλὸν,
904 1111 975 1153 καὶ
1004 1114 1175 1167 πάσχειν
1203 1111 1227 1153 ὃ
1256 1128 1298 1153 τι
1325 1113 1381 1155 ἂν
1409 1113 1558 1170 ξυμβῇ.

388 1189 412 1239 S
441 1201 477 1231 1.
530 1184 674 1228 Prima
706 1185 835 1244 igitur
873 1184 1066 1242 quaestio
1102 1184 1227 1227 nobis
1259 1186 1340 1227 erit
1364 1184 1419 1228 de
1446 1186 1535 1245 ipsa
1566 1186 1641 1229 illa

329 1258 560 1303 Stesichori
581 1259 637 1303 ‘E
651 1259 803 1316 λένης
827 1260 1135 1317 κακηγορίᾳ,
1156 1258 1210 1302 de
1229 1275 1311 1318 qua
1332 1259 1440 1303 aliae
1459 1260 1643 1304 aliorum

328 1345 493 1377 exstant
511 1334 762 1376 sententiae.
825 1334 913 1375 Alii
935 1334 1049 1375 enim
1074 1341 1281 1385 statuunt,
1308 1334 1522 1393 peculiare
1542 1335 1649 1377 scri-

326 1410 457 1469 psisse
487 1408 776 1453 Stesichorum
811 1424 1011 1465 carmen,
1045 1424 1132 1468 quo
1165 1408 1371 1452 conviciis
1401 1409 1646 1454 oneraverit

329 1484 566 1538 Helenam;
599 1483 694 1538 alii,
724 1498 855 1525 unum
879 1493 1009 1542 atque
1034 1482 1286 1525 continuum
1316 1497 1489 1526 carmen
1519 1483 1648 1527 fuisse

327 1560 501 1605 ἔπαινον
520 1569 563 1602 et
581 1562 715 1614 ψόγον
733 1558 907 1615 Ἑλένης
925 1557 1012 1617 (3),
1036 1574 1144 1616 quae
1162 1557 1423 1600 Blomfieldii
1441 1559 1533 1602 fere
1554 1571 1649 1602 erat

326 1632 535 1677 sententia
561 1631 856 1676 »palinodiam
878 1630 1068 1676 eiusdem
1089 1631 1289 1675 carminis
1314 1647 1366 1675 ae
1386 1633 1645 1693 vituperium

327 1720 492 1769 partem
513 1710 664 1751 fuisse:
699 1719 743 1751 et
763 1708 909 1751 nescio
937 1723 993 1750 an
1019 1717 1247 1765 utrumque
1266 1706 1320 1749 ad
1348 1708 1482 1753 Ἰλίου
1503 1709 1648 1766 πέρσιν

326 1781 588 1844 pertineat.’'
608 1781 667 1842 (v,
688 1781 836 1826 Klein.
857 1781 904 1826 lh
922 1797 969 1842 p.
990 1780 1063 1841 22)
1094 1781 1152 1823 Hi
1184 1797 1289 1824 vero
1313 1783 1439 1825 nimis
1458 1784 1649 1828 tribuere

327 1857 527 1901 videntur
559 1856 761 1899 Isocratis
791 1856 930 1899 verbis
959 1856 1004 1898 in
1034 1855 1225 1898 Helenae
1253 1863 1445 1900 encomio
1462 1873 1510 1918 p.
1541 1859 1647 1905 218·

331 1933 386 1976 D.
409 1933 540 1974 Cant:
574 1931 841 1982 Ἐπεδείξατο
870 1931 915 1974 δὲ
943 1932 1014 1973 καὶ
1038 1934 1280 1988 Στησιχόρῳ
1311 1936 1370 1987 τῷ
1398 1938 1550 1989 ποιητῇ
1571 1937 1647 1989 τὴν

331 2008 457 2063 αὐτῆς
490 2007 682 2062 δύναμιν·
711 2007 780 2050 ὅτε
813 2008 891 2061 μὲν
914 2007 992 2063 γὰρ
1018 2006 1238 2063 ἀρχόμενος
1268 2011 1341 2061 τῆς
1362 2007 1473 2063 ᾠδῆς
1499 2007 1649 2067 ἐβλασ-

332 2081 488 2138 φήμησέ
511 2099 552 2125 τι
581 2082 673 2138 περὶ
699 2082 851 2136 αὐτῆς,
883 2080 1035 2136 ἀνέστη
1064 2083 1150 2124 τῶν
1177 2080 1409 2137 ὀφθαλμῶν
1429 2083 1652 2141 ‹ineat-sqq-

331 2157 470 2216 μένος·
500 2157 640 2213 ἐπειδὴ
669 2157 738 2214 δὲ,
768 2158 891 2211 γνούς
927 2158 1005 2212 τὴν
1034 2155 1177 2202 αἰτίαν
1209 2161 1282 2212 τῆς
1312 2163 1539 2215 συμφορᾶς,
1573 2162 1652 2216 τὴν

330 2233 592 2290 παλινῳδίαν
622 2233 806 2289 ἐποίησε,
849 2231 980 2277 πάλιν
1016 2231 1145 2276 αὐτὸν
1179 2234 1221 2282 ἐς
1254 2235 1332 2287 τὴν
1365 2234 1497 2289 αὐτὴν
1528 2240 1652 2290 φύσιν

375 2439 424 2486 (1)
447 2440 483 2472 In
502 2451 628 2473 censura
650 2440 725 2473 libri
742 2439 920 2481 Kleiniani,
945 2440 978 2472 in
994 2440 1122 2473 Jahm‘i
1141 2440 1264 2473 Annal.
1284 2441 1385 2473 1829.
1403 2451 1437 2485 p.
1462 2443 1658 2479 131—188.

327 2500 359 2529 et
383 2507 415 2540 p.
439 2498 636 2528 εει-308.

373 2553 421 2599 (2)
445 2553 481 2585 In
504 2553 639 2597 Epistola
669 2552 709 2587 ad
739 2552 933 2587 Welckemm
958 2552 995 2585 de
1031 2554 1223 2587 Stesichori
1251 2554 1459 2598 Palinodia,
1491 2558 1527 2591 in
1556 2561 1661 2594 Museo

329 2611 430 2644 Rhea.
456 2611 558 2642 1838.

378 2668 425 2714 (3)
449 2668 546 2711 Quam
566 2679 666 2712 nuper
686 2667 802 2701 thesem
822 2668 863 2702 ad
878 2668 1037 2713 publicam
1053 2667 1307 2713 disceptationem
1326 2670 1362 2702 iu
1380 2671 1543 2705 Academia
1561 2682 1666 2711 nostra

332 2728 492 2772 proposuit
511 2725 545 2758 V.
564 2726 602 2757 D.
620 2725 799 2760 Bakhuiaen
820 2739 880 2759 van
899 2726 959 2759 den
980 2725 1076 2758 Brink
1087 2726 1123 2757 in
1142 2727 1204 2757 fine
1220 2727 1397 2759 Variarum
1420 2729 1601 2765 lectionum
1624 2745 1668 2767 ea·

332 2786 480 2819 hectaria
499 2785 735 2828 philosophiae
757 2787 940 2829 antiquae,
964 2797 982 2818 a
1004 2796 1065 2831 quo
1093 2784 1185 2830 plura
1216 2784 1255 2818 de
1285 2785 1457 2819 stesichoro
1487 2791 1666 2833 propedjem

333 2850 557 2888 exspectamus-

1492 2922 1517 2949 2
