2037 3619
865 374 921 416 79

236 527 279 560 et
308 531 370 559 vs.
411 515 505 565 ¹42·

421 623 486 675 ἵξῃ
512 630 648 675 χεροῖν
676 624 884 662 εἴδωλον
913 623 1032 676 ,ἠγκα
1044 625 1089 662 λι
1100 625 1276 675 σμένος

416 697 482 742 τῆς
509 692 793 744 πενταλὲκτρου
820 690 996 735 Helenae
1021 689 1096 745 (1).

234 808 290 852 cf.
313 824 374 853 vs,
401 808 501 852 820.
523 823 615 867 sqq.
638 806 692 850 de
714 806 938 850 Menelao:

408 930 430 967 ὁ
457 929 494 966 δ’
526 930 778 980 αἰνόλεκτρον
806 928 1048 980 ἁρπαγεῖσαν
1078 927 1236 975 εὐνέτης

407 1000 549 1036 πλᾶτιν
576 1001 776 1048 ματεύων,
812 998 1008 1045 κληδόνων
1036 997 1302 1046 πεπυσμένος,

407 1068 544 1105 ποθῶν
572 1065 616 1105 δὲ
644 1068 813 1115 φάσμα
839 1079 897 1103 πτ
908 1080 959 1114 ην
970 1066 1020 1104 ὁν
1048 1069 1107 1108 εἰς
1135 1062 1284 1117 αἴθραν
1312 1068 1435 1119 φηγὸν

402 1140 542 1180 ποίους
566 1137 774 1185 θαλάσσης
798 1137 874 1175 οὐκ
901 1134 1106 1187 ἐρευνήσει
1129 1139 1297 1187 μυχούς;
1325 1151 1359 1174 κ.
1375 1151 1413 1174 τ.
1430 1139 1466 1174 λ.

290 1259 359 1302 Ad
380 1275 507 1318 quem
523 1260 668 1303 locum
687 1260 887 1302 notabilis
903 1266 1038 1302 exstat
1054 1261 1275 1302 annotatio
1292 1261 1337 1302 in
1351 1261 1543 1319 margine

230 1332 340 1377 Cod.
376 1333 516 1377 Paris.
548 1334 603 1377 A.
638 1333 727 1392 (ap.
755 1333 1018 1376 Bachmann.
1050 1333 1096 1375 in
1122 1331 1227 1377 edit.
1251 1333 1461 1392 Lycophr.
1498 1344 1543 1378 et

230 1408 395 1450 Anecd.
424 1408 502 1450 Gr.
525 1408 582 1449 H.
612 1422 654 1464 p.
678 1406 809 1464 247):
842 1411 1011 1463 Πρῶτος
1042 1408 1237 1451 “Ησίοὸ
1250 1425 1305 1457 ος
1343 1411 1434 1464 περὶ
1470 1414 1544 1463 τῆς

231 1480 406 1538 Ἑλένης
426 1484 473 1525 τὸ
490 1481 660 1526 εἴδωλον
679 1486 906 1538 παρήγαγε·
928 1483 999 1525 καὶ
1018 1481 1081 1524 ‘H
1086 1485 1142 1538 ρό
1156 1483 1211 1526 δο
1225 1500 1280 1526 το
1292 1500 1314 1533 ς
1339 1483 1384 1527 δὲ
1406 1479 1541 1539 εἶπεν,

229 1558 293 1600 ὅτι
324 1563 351 1613 η’
374 1558 451 1612 μὲν
477 1556 657 1611 ἀληθινὴ
689 1554 844 1611 ‘Eum
871 1557 1030 1609 ἔμεινεν
1059 1559 1172 1613 παρὰ
1199 1561 1386 1613 Πρωτεῖ,
1417 1559 1464 1600 τὸ
1494 1558 1541 1601 δὲ

230 1630 399 1676 εἴδωλον
424 1631 549 1686 αὐτῆς
570 1630 839 1676 συνέπλευσεν
867 1630 1138 1688 Ἀλεξάνδρῳ
1163 1633 1231 1675 ἐπὶ
1254 1635 1329 1686 τὴν
1355 1632 1534 1689 Τροίανε

229 1706 300 1748 cui
317 1715 460 1748 tamen
480 1705 642 1747 nullam
661 1703 791 1747 fidem
821 1703 1063 1747 habendam
1082 1720 1172 1748 esse
1199 1706 1244 1748 in
1265 1721 1318 1748 eo
1340 1705 1456 1764 quod
1479 1705 1536 1749 de

229 1777 422 1821 Hesiodo
454 1777 597 1821 dicere
627 1777 819 1833 videtur,
860 1788 1040 1838 apparet
1070 1794 1123 1821 ex
1150 1780 1449 1837 sequentibus:
1489 1791 1537 1823 ut

230 1853 344 1896 enim
357 1854 400 1895 in
409 1853 474 1895 his
485 1852 697 1895 Herodoti
713 1853 999 1895 narrationem
1016 1867 1112 1894 cum
1121 1852 1350 1912 Euripidea
1361 1854 1538 1897 confun-

232 1926 319 1982 dit,
339 1928 400 1970 sic
420 1928 464 1968 in
480 1927 562 1969 illis
579 1941 761 1984 quoque,
786 1926 1000 1968 virisimile
1012 1933 1097 1981 est,
1113 1926 1226 1969 male
1243 1942 1339 1969 eum
1359 1927 1537 1970 Hesiodi

227 2016 384 2043 nomen
407 2016 487 2058 pro
514 2000 744 2042 Stesichori
773 2014 1016 2058 usurpasse3
1042 2000 1121 2041 nisi
1143 2001 1299 2055 mavis,
1329 2001 1534 2060 glossato-

225 2089 316 2117 rem
355 2084 601 2133 corruptum
641 2074 784 2117 locum
819 2074 1150 2133 transscripsisse
1179 2085 1253 2117 aut
1283 2076 1421 2134 ipsum
1442 2091 1536 2119 cor-

224 2149 411 2206 rupisse,
440 2149 498 2190 ita
525 2156 571 2190 ut
600 2147 703 2190 olim
730 2148 934 2206 scriptum
968 2147 1123 2203 fuerit,
1156 2154 1325 2206 Πρῶτος
1342 2156 1386 2193 Σ
1393 2152 1533 2207 τησί·

226 2240 250 2279 χ
263 2241 320 2279 ορ
332 2241 353 2266 ο
366 2241 386 2273 ς
406 2222 468 2281 (2)
503 2224 594 2277 περὶ
618 2228 689 2277 τῆς
706 2222 879 2277 εΕλένης
899 2223 1026 2276 λέγω
1041 2241 1066 2267 ν
1085 2223 1147 2281 (3)
1165 2232 1375 2278 παρήγαγε
1392 2229 1440 2269 τὸ
1458 2227 1535 2269 εἴδ.

286 2295 658 2349 Quemadmodum
677 2296 935 2355 Lycophron
948 2328 962 2350 ‚
991 2296 1052 2338 sic
1074 2296 1360 2341 confuderunt
1385 2299 1532 2343 multi:

222 2371 395 2414 Tzetzes
417 2370 471 2413 ad
490 2371 755 2429 Lycophron.
776 2386 839 2414 vs.
865 2387 882 2413 1
895 2386 962 2414 12.
984 2373 1169 2427 ἁρπάξας
1199 2372 1352 2432 (Paris)
1370 2375 1502 2429 αὐτὴν
1517 2406 1531 2427 ,

223 2447 297 2492 οὐκ
329 2448 452 2498 εὐθύς
484 2448 540 2497 εἷς
567 2447 723 2504 Τροίαν
749 2445 1023 2501 ἀπέπλευσεν,
1055 2446 1164 2490 ἀλλὰ
1191 2448 1324 2494 δοκῶν
1349 2451 1429 2494 ὑπὸ
1448 2454 1536 2497 τῶν

267 2656 314 2700 (1)
339 2657 407 2687 Huc
430 2656 555 2699 respicit
578 2654 746 2687 Scholiasta
769 2653 809 2686 ad
831 2654 935 2697 Eurip.
960 2655 1064 2686 Andr.
1089 2666 1131 2686 VS.
1151 2656 1231 2688 229.

264 2714 310 2758 (2)
335 2712 421 2756 Quod
442 2713 574 2745 coniecit
593 2713 801 2756 Goettlingius
820 2711 859 2744 ad
871 2712 1006 2744 Hesiod.
1027 2712 1137 2755 fragm.
1149 2712 1303 2751 mun
1327 2715 1384 2756 qui
1411 2720 1513 2747 tamen
1527 2740 1541 2757 7

219 2781 318 2803 errore
340 2776 415 2813 puto
429 2793 438 2811 ,
459 2780 514 2814 pto
532 2768 622 2814 περὶ
635 2768 729 2801 habet
745 2768 847 2814 παρὰ
859 2766 959 2806 Ἓλ.;
979 2769 1054 2800 citat
1071 2770 1154 2800 enim
1173 2780 1211 2801 ex
1225 2768 1349 2802 Bachm.
1362 2769 1483 2806 Anecd.
1499 2772 1537 2805 ll.

263 2827 310 2872 (3)
333 2827 420 2870 Quod
444 2826 628 2861 vocabulum
649 2825 796 2860 excidisse
821 2837 851 2857 se
872 2826 1020 2858 conficere
1033 2849 1043 2865 ,
1067 2825 1192 2859 Geelius
1217 2837 1266 2858 me
1287 2828 1418 2861 monuit.
