2037 3619
1066 385 1119 425 76

417 530 693 582 τήσαντος
732 522 777 565 δὲ
808 520 900 563 “Eu
916 537 1031 578 τωρ.
1097 520 1150 563 Et
1169 536 1295 565 mox:
1330 521 1425 570 οἶδα
1451 527 1496 570 δὲ
1526 528 1582 575 ὥς
1607 527 1738 569 εἶκαὶ

416 602 602 658 Πρίαμος
619 595 707 649 οἷα,
727 597 832 652 ἅπερ
850 594 1137 652 Ἀλέξανδρος
1150 627 1163 650 ,
1183 596 1425 651 ἠσέλγαινεν
1443 619 1482 645 κ.
1503 619 1543 645 τ.
1564 600 1600 644 λ.
1619 599 1703 659 (1).

477 677 561 718 Dio
586 672 714 716 etiam
739 671 1067 731 Chrysostomus
1093 671 1137 713 in
1165 671 1290 717 Orac.
1310 673 1388 718 XI.
1413 685 1504 720 tum
1527 677 1608 720 alia
1630 677 1733 719 hau-

415 751 469 793 sit
504 763 556 791 ex
588 745 844 800 Herodoto,
878 755 969 787 tum
990 743 1107 803 quod
1129 760 1175 788 se
1196 746 1251 788 ab
1272 746 1496 791 sacerdote
1524 750 1733 811 Aegyptio

413 824 606 868 Helenae
645 821 867 864 historiam
903 820 1120 879 accepisse
1153 820 1279 875 dicit,
1320 822 1384 881 (p.
1415 822 1489 875 46.
1520 823 1592 867 ed.
1617 826 1735 868 Rho-

413 899 554 959 dom.)
578 901 634 949 ὥς
657 900 874 954 ἐπυθόμην
905 898 1018 953 παρὰ
1039 899 1124 942 τῶν
1144 899 1190 942 ἐν
1217 899 1428 956 Αἰγύπτῳ
1457 900 1596 957 ἱερέων
1623 904 1734 958 ἑνὸς,

413 974 458 1020 εὖ
487 975 600 1032 μάλα
637 974 830 1027 λέγοντος
856 975 901 1016 ἐν
937 976 996 1028 τῷ
1028 975 1173 1030 ὄνυχι,
1207 987 1315 1031 quae
1346 984 1562 1033 postrema
1590 984 1736 1018 tamen

412 1052 503 1110 ipse
538 1047 733 1092 addidit:
767 1047 830 1089 sic
864 1046 1065 1089 nimirum
1099 1047 1285 1089 orationi
1318 1063 1419 1091 suae
1456 1051 1598 1105 ὑπὲρ
1638 1054 1734 1094 τοῦ

410 1126 549 1172 Ἴλιο
564 1143 588 1170 ν
624 1127 688 1179 μὴ
720 1122 784 1167 ἀλ
798 1125 832 1166 ὤ
846 1140 870 1167 ν
882 1139 911 1165 α
924 1139 939 1164 ι
967 1121 1157 1164 veritatis
1184 1122 1371 1182 speciem
1394 1123 1628 1168 conciliare
1647 1135 1734 1168 stu-

414 1202 562 1244 debat.
588 1224 643 1231 -——
665 1199 809 1240 Aliam
837 1212 943 1239 vero
963 1228 977 1250 ,
1012 1208 1139 1254 atque
1172 1197 1421 1240 Herodotus
1438 1230 1451 1253 ‚
1482 1199 1537 1241 de
1567 1200 1733 1242 Helena

411 1276 573 1320 famam
593 1290 643 1318 ex
677 1271 905 1316 sacerdote
926 1272 1031 1327 iste,
1060 1272 1200 1330 ipsum
1222 1272 1466 1317 Menelaum
1499 1275 1732 1319 narravisse

415 1351 682 1403 affirmante,
730 1348 901 1406 accepit
919 1379 930 1401 ,
973 1362 1158 1405 nempe:
1214 1346 1414 1390 Paridem
1455 1351 1499 1391 in
1543 1349 1734 1392 Helenae

414 1426 561 1485 procis
582 1424 709 1466 fuisse
722 1455 734 1476 ‚
766 1436 945 1478 eamque
968 1420 1202 1480 legitimam
1226 1437 1251 1464 a
1271 1421 1500 1480 Tyndareo
1520 1424 1736 1483 accepisse

417 1514 617 1542 uxorem:
653 1496 768 1555 quod
804 1511 931 1555 aegre
952 1496 1138 1537 ferentes
1160 1496 1374 1548 Graecos,
1406 1497 1564 1539 bellum
1588 1498 1738 1539 Troia·

415 1574 480 1616 nis
515 1569 731 1624 intulisse,
763 1567 926 1610 infelici
962 1567 1044 1610 sibi
1071 1578 1254 1624 eventu;
1288 1568 1536 1613 Menelaum
1558 1570 1737 1614 omnino

416 1663 504 1691 non
538 1645 712 1688 rediisse
738 1646 783 1685 in
805 1643 986 1702 patriam
1002 1674 1015 1697 ,
1050 1642 1124 1685 sed
1143 1644 1189 1684 in
1207 1644 1408 1703 Aegypto
1431 1646 1632 1688 mansisse
1653 1645 1733 1703 (2).

418 1722 557 1765 Porro
579 1735 631 1763 ex
654 1717 871 1777 Euripidis
894 1716 1060 1760 Helena
1077 1733 1093 1759 .·
1115 1717 1177 1777 (p.
1209 1718 1306 1762 130.
1332 1718 1438 1779 Rh.)
1458 1723 1498 1763 οἱ
1518 1720 1563 1764 δέ
1584 1737 1736 1775 φασιν,

419 1800 483 1843 ὅτι
502 1799 574 1841 καὶ
591 1804 667 1850 τὴν
685 1793 864 1849 Ἑλένην
884 1796 1044 1837 ἐκεῖθεν
1062 1792 1213 1851 ἔλαβεν
1233 1819 1289 1826 --
1312 1796 1411 1844 τέως
1438 1796 1483 1838 δὲ
1503 1795 1737 1841 ἐλάνθανεν

421 1872 594 1918 εἴδωλον
627 1873 672 1914 ἐκ
705 1875 777 1925 τῆς
808 1869 960 1926 Τροίας
988 1869 1123 1926 ἔχων,
1154 1869 1204 1921 ὃ,
1237 1886 1280 1913 τε
1303 1869 1477 1925 πόλεμος
1508 1876 1740 1927 συνεστήκει

419 1951 510 2005 περὶ
545 1946 768 1992 εἰδώλου
796 1946 849 1988 τὰ
885 1943 987 1988 δέκα
1023 1944 1096 1997 ἔτη
1116 1941 1197 2002 (3).
1263 1943 1328 1987 Cf.
1352 1944 1415 2005 (p.
1442 1945 1516 1998 48.
1540 1946 1625 1990 Rh.
1642 1978 1657 2002 ,
1678 1946 1735 1991 fr.

462 2229 509 2272 (1)
534 2227 580 2258 Cf.
592 2223 758 2256 Herod.11.
776 2224 873 2255 120.;
891 2221 933 2254 οὐ
947 2220 1014 2263 μὲν
1034 2221 1124 2255 οὐδὲ
1140 2222 1162 2266 ἡ
1175 2221 1356 2267 βασιληΐη
1374 2224 1409 2262 ἐς
1422 2224 1471 2256 Ἀ
1481 2223 1501 2256 λ
1513 2225 1556 2262 ἐξ
1569 2237 1619 2258 αν
1631 2225 1687 2272 δρ
1699 2239 1716 2259 ο
1727 2240 1747 2259 ν

413 2284 560 2331 πρριὴϊε
574 2305 585 2323 ‚
603 2280 692 2320 ὥςτε
706 2305 715 2323 ,
733 2280 906 2326 γέροντος
927 2278 1101 2325 Πριάμου
1126 2280 1142 2312 ἐ
1155 2279 1235 2312 όντ
1249 2292 1266 2312 ο
1278 2291 1318 2321 ς,
1343 2281 1403 2314 ἐπ’
1422 2281 1551 2325 ἐκεινῳ
1570 2282 1619 2315 τὰ
1639 2284 1748 2329 πρή-

412 2355 435 2386 y
447 2355 474 2383 μ
486 2353 510 2374 α
522 2353 544 2372 τ
556 2352 579 2372 α
602 2333 711 2372 εἶναι·
736 2337 830 2370 ἀλλὰ
842 2337 899 2369 “E
912 2350 931 2369 κ
942 2349 965 2368 τ
976 2349 1001 2369 ω
1012 2349 1033 2383 ρ
1060 2336 1193 2378 ἔμελλε
1216 2337 1335 2381 αὐτὴν
1362 2337 1535 2384 Πριάμου
1560 2338 1619 2373 ἀπ
1632 2352 1649 2372 ο
1663 2342 1694 2374 θ·
1706 2352 1746 2373 α-

411 2413 432 2433 ν
444 2398 463 2433 ό
473 2412 493 2433 ν
503 2411 525 2431 τ
538 2411 556 2431 o
569 2410 585 2436 ς
608 2395 946 2443 παραλάμψεσθαι·
968 2402 1000 2427 et
1018 2394 1101 2439 quod
1112 2395 1219 2440 paullo
1232 2396 1374 2440 superius
1388 2398 1421 2428 in
1435 2396 1502 2428 eod.
1519 2408 1588 2441 cap.
1606 2397 1745 2432 dixerat:

415 2458 451 2490 εἰ
480 2455 544 2489 καὶ
571 2453 684 2491 αὐτὸς
701 2452 876 2498 Πρίαμος
902 2462 987 2485 συν
1000 2464 1017 2484 ο
1031 2454 1043 2484 ι’
1055 2465 1073 2484 κ
1087 2464 1104 2486 ε
1118 2465 1135 2485 ε
1162 2451 1300 2497 Ἑλένῃ
1324 2466 1358 2487 κ.
1373 2465 1410 2488 τ.
1427 2452 1463 2487 λ.

459 2514 507 2558 (2)
531 2514 596 2544 Hoc
631 2520 667 2543 ut
701 2510 809 2555 probet
821 2534 830 2551 ,
864 2510 973 2542 iisdem
1002 2511 1081 2542 Dion
1106 2512 1150 2554 (p.
1182 2511 1258 2542 130.
1291 2510 1366 2553 Rh.)
1398 2512 1499 2543 utitur
1533 2513 1723 2556 argumentis
1736 2539 1745 2555 ,

413 2570 527 2615 quibus
551 2570 652 2613 Apion
676 2567 759 2612 apud.
786 2567 979 2599 Eustathium
1005 2567 1045 2599 ad
1069 2567 1186 2611 odyss.
1210 2567 1259 2599 lv,
1280 2568 1360 2600 561.
1375 2579 1461 2612 sqq„
1486 2574 1518 2600 et
1540 2568 1653 2610 νομὸν
1676 2568 1742 2604 ἀπ’

416 2626 533 2659 αὐτοῦ
568 2624 797 2665 καλούμενον
819 2625 854 2656 iu
876 2626 1016 2668 Aegypto
1045 2635 1109 2655 esse
1133 2623 1258 2664 dicens,
1282 2630 1314 2655 et
1335 2624 1501 2656 Homerum
1530 2625 1611 2658 hanc
1630 2627 1745 2659 famam

414 2685 569 2729 cognitam
603 2682 746 2714 habuisse
774 2682 938 2713 conficiens
964 2692 1003 2714 ex
1027 2682 1095 2713 eius
1118 2680 1221 2714 verbis
1246 2679 1422 2715 Ἠλύσιον
1444 2682 1596 2719 πεδίον.
1622 2686 1744 2729 Apion,

414 2735 637 2787 putojhausit
659 2751 698 2772 ex
723 2740 831 2773 Dione.
868 2739 915 2772 Cf.
940 2751 1034 2784 supra
1059 2738 1131 2772 diss.
1157 2751 1200 2772 m.
1227 2752 1259 2783 p.
1289 2742 1343 2773 12.

462 2798 509 2842 (3)
534 2798 580 2830 Ad
602 2797 759 2841 Euripidis
774 2798 924 2829 Orestem
949 2798 1077 2840 respicit
1097 2798 1131 2829 in
1145 2808 1209 2841 sqq.
1232 2797 1300 2840 τὴν
1324 2797 1395 2843 γὰρ
1409 2796 1568 2842 εΕλένην
1594 2799 1746 2841 ἐπιβου-

419 2854 601 2896 λευθῆναι
624 2850 693 2895 μὲν
708 2851 782 2887 ὑπὸ
794 2851 969 2898 Ὀρέστου
991 2852 1094 2897 λέγει
1118 2852 1178 2891 τὶς
1191 2853 1264 2887 τῶν
1289 2852 1603 2900 Τραγῳδιοποιῦν
1626 2854 1746 2896 εὐθὺς
