2037 3619
1058 362 1116 402 50

426 514 510 559 que
547 508 694 560 raptas
729 497 951 540 retinuisse
965 528 977 551 ,
1010 510 1115 555 quas
1135 495 1339 541 redderet
1359 497 1529 542 Graeco
1549 494 1738 555 hospiti,

425 575 599 636 quando
633 575 724 633 ipse
761 573 1020 633 repetiturus
1051 573 1231 616 veniret.
1272 597 1331 606 —
1362 572 1552 618 Graecos
1584 570 1741 616 deinde

422 652 588 695 venisse
620 648 825 703 Troiam,
856 648 1102 706 misisseque
1131 647 1298 707 legatos
1325 646 1387 705 (in
1420 649 1572 707 quibus
1600 648 1739 708 ipsum

420 722 705 783 Menelaum),
736 723 808 783 qui
831 723 1043 768 Helenam
1065 737 1256 783 opesque
1279 732 1554 783 repeterent3
1587 723 1740 767 Troia-

420 815 524 855 nos,
568 815 615 842 se
649 799 837 855 habere,
881 809 1113 859 negantes,
1160 798 1307 841 omnia
1338 812 1429 841 esse
1457 798 1504 840 in
1539 799 1739 859 Aegypto

419 872 536 934 apud
565 872 776 917 Proteum
808 871 992 917 dixisse:
1027 887 1053 915 a
1089 873 1242 932 quibus
1272 871 1464 916 Graecos
1492 887 1539 916 se
1571 872 1741 916 irrideri

417 955 623 1008 putantes
635 980 649 1004 ,
679 963 940 1009 expugnasse
960 948 1141 1004 urbem3
1166 963 1297 1007 quum
1317 963 1425 992 vero
1445 962 1502 991 ne
1522 958 1628 990 tunc
1650 948 1742 1006 qui·

419 1022 520 1067 dem
552 1024 720 1067 Helena
748 1023 1036 1078 inveniretur,
1070 1022 1342 1082 eundemque
1368 1038 1497 1082 quem
1519 1030 1647 1065 antea
1668 1037 1741 1064 au·

420 1098 563 1143 dirent
583 1115 830 1143 sermonem
848 1131 861 1156 ‚
901 1099 1066 1143 misisse
1090 1098 1336 1143 Menelaum
1366 1097 1422 1142 ad
1442 1098 1651 1142 Proteum
1670 1112 1682 1141 ε
1717 1114 1742 1141 a

418 1190 507 1234 quo
533 1175 724 1234 hospitio
743 1185 972 1234 exceptum
1002 1189 1101 1217 eum
1127 1174 1338 1218 Helenam
1363 1173 1629 1217 incolumem
1655 1189 1742 1220 una

419 1265 520 1293 cum
547 1250 705 1309 opibus
733 1263 1024 1308 recuperasse.
1086 1248 1238 1293 Ventis
1267 1264 1377 1293 vero
1399 1248 1588 1293 adversis
1609 1264 1742 1308 quum

421 1324 710 1379 detineretur,
740 1324 906 1367 facinus
931 1323 1167 1367 nefandum
1188 1334 1455 1384 perpetrasse
1468 1324 1740 1369 Menelaum:

424 1398 594 1442 duobus
610 1399 726 1442 enim
744 1398 942 1441 mactatis
962 1396 1261 1458 indigenarum
1283 1397 1380 1441 filiis
1398 1430 1411 1455 ,
1448 1398 1657 1459 aufugisse
1675 1413 1747 1441 na·

422 1474 546 1517 vibus
572 1487 719 1516 versus
737 1472 929 1531 Libyam.
953 1495 1007 1504 --·
1031 1472 1152 1515 Haec
1169 1472 1329 1532 partim
1352 1487 1405 1516 ex
1424 1473 1524 1532 ipso
1544 1473 1748 1516 Menelao

421 1563 468 1591 se
489 1547 699 1591 audivisse
714 1578 727 1602 ,
761 1547 918 1605 partim
933 1578 946 1601 ,
982 1546 1142 1606 quippe
1170 1545 1285 1606 apud
1314 1546 1431 1605 ipsos
1460 1557 1580 1607 gesta
1602 1580 1615 1603 ,
1648 1563 1749 1591 vere

421 1637 467 1666 se
492 1621 631 1676 scire,
663 1619 982 1681 profitebantur
1006 1618 1254 1664 sacerdotes
1275 1620 1364 1665 illi:
1398 1635 1585 1680 quorum
1608 1637 1750 1665 narra·

424 1697 536 1741 tioni
556 1696 768 1739 maiorem
784 1727 798 1750 ‚
831 1709 963 1753 quam
984 1710 1064 1754 par
1093 1705 1211 1750 erat,
1246 1694 1377 1738 fidem
1412 1696 1576 1739 habens
1609 1697 1748 1739 Hero-

431 1770 558 1814 dotus
573 1802 587 1825 ,
620 1780 665 1813 et
692 1769 935 1812 Homerum
968 1769 1082 1812 hanc
1110 1768 1272 1813 famam
1306 1770 1523 1829 cognitam
1552 1771 1750 1813 hahuisse

428 1845 668 1904 suspicatur
698 1843 801 1903 (qua
832 1842 887 1887 de
919 1858 968 1887 re
1003 1859 1102 1903 cap.
1141 1843 1184 1886 1⁰
1216 1842 1449 1903 vidimus),
1495 1855 1540 1887 et
1572 1845 1663 1904 ipse
1695 1844 1750 1888 ad

427 1921 553 1963 istam
593 1917 871 1962 traditionem
908 1917 1246 1962 confirmandam
1291 1918 1416 1962 huius
1452 1919 1574 1962 modi
1612 1920 1747 1963 multa

428 1995 664 2049 ἐπιλέγεται
693 1994 752 2054 (c.
794 1992 921 2052 1ao):
955 1993 1026 2036 »in
1047 1992 1178 2036 Troia
1196 1994 1233 2036 si
1255 1991 1406 2036 fuisset
1431 1993 1621 2048 Helena,
1655 1996 1749 2040 red-

430 2068 563 2111 dituri
579 2067 758 2110 fuissent
780 2066 985 2121 Troiani,
1015 2065 1086 2108 vel
1102 2066 1238 2108 invito
1260 2066 1449 2122 Paride3
1473 2083 1613 2126 neque
1632 2070 1748 2113 enim

431 2143 630 2185 Priamus
649 2172 662 2196 ,
695 2155 837 2198 neque
873 2139 1028 2198 reliqui
1063 2140 1238 2199 cognati
1268 2146 1355 2182 tam
1387 2140 1505 2184 stulti
1532 2142 1711 2187 fuissent
1732 2176 1746 2201 ,

432 2228 482 2261 ut
499 2227 637 2261 tantas
655 2214 920 2260 calamitates
940 2214 1056 2259 ultro
1077 2215 1269 2259 subirent
1285 2215 1332 2258 in
1350 2215 1517 2260 Paridis
1536 2219 1746 2277 gratiam:

434 2293 537 2352 quin
559 2291 688 2335 etiam
711 2290 745 2334 si
768 2290 961 2334 Priamus
981 2291 1074 2351 ipse
1094 2291 1276 2337 συνοίκεε
1302 2291 1474 2353 Ἑλένῃ,
1507 2293 1752 2340 redditurus

432 2381 529 2411 eam
546 2366 718 2409 fuisset:
752 2364 865 2409 cet.”
926 2365 1063 2407 Huius
1089 2364 1210 2408 modi
1238 2367 1501 2426 argumentis
1535 2368 1752 2412 coniectu-

432 2443 576 2501 risque
596 2441 699 2485 huic
719 2439 946 2484 traditioni
966 2439 1097 2484 fidem
1120 2440 1353 2486 conciliare
1378 2440 1524 2485 studet
1551 2443 1748 2488 credulus

433 2518 560 2558 nimis
580 2515 852 2559 Herodotus:
886 2516 1005 2558 cuius
1025 2515 1175 2558 falsam
1198 2530 1289 2559 esse
1309 2517 1626 2573 narrationem,
1656 2518 1749 2562 Ho-

434 2590 543 2634 meri
573 2600 715 2633 autem
745 2605 890 2633 veram
907 2622 920 2645 ,
954 2590 1142 2650 probare
1171 2600 1351 2633 conatus
1384 2601 1448 2635 est
1476 2591 1589 2652 Aug.
1610 2592 1749 2636 Maria

432 2665 604 2708 Riccius
636 2666 820 2709 Dissert.
856 2666 1070 2709 Homerie.
1108 2664 1186 2706 XL
1215 2664 1340 2722 (tom.
1377 2665 1434 2708 ΙΙ.
1467 2681 1513 2725 p.
1542 2666 1660 2727 217).
1692 2693 1750 2701 —-

431 2738 575 2783 Meam
598 2739 654 2783 de
680 2740 848 2802 origine
878 2739 1002 2783 huius
1024 2738 1337 2800 Aegyptiorum
1357 2741 1629 2786 sacerdotum
1653 2757 1748 2786 nar·

432 2815 607 2858 rationis
631 2816 925 2860 coniecturam
945 2816 990 2858 in
1014 2814 1306 2873 superioribus
1328 2817 1507 2876 exposui
1529 2833 1574 2876 p.
1596 2816 1668 2861 35.

947 2907 1200 2928 -ᾥ-
