2037 3619
959 291 1014 332 23

314 430 502 490 (Orestes
544 437 589 471 et
621 427 816 488 Pylades)
850 429 925 475 οὐκ
963 432 1186 489 ἐχρήσαντο
1225 435 1311 481 τοῖς
1341 431 1517 485 ξίφεσιν·
1547 429 1636 477 οἶόν

310 523 352 549 τι
384 505 457 548 καί
485 504 733 561 Στησίχορος
760 506 988 563 ὑπογράφει
1019 508 1113 565 περί
1141 508 1227 553 τῶν
1257 505 1507 553 καταλεύειν
1537 506 1638 562 μελ-

315 579 490 623 λόντων·
526 580 621 635 φησί
644 582 747 637 γὰρ,
777 583 882 638 ἅμα
911 585 977 639 τῷ
1006 584 1105 637 τὴν
1135 584 1264 637 ὄψιν
1293 581 1458 637 αὐτῆς
1495 581 1639 627 ι’δεῒν

311 655 502 704 αὐτούς
526 655 745 710 οἷφεῒναι
778 659 895 708 τοὺς
922 656 1111 707 λίθους
1141 657 1229 700 ἐπὶ
1261 658 1356 712 τὴν
1384 662 1498 713 γῆν.
1549 655 1636 700 Ubi

312 728 505 773 Kleinius
521 728 719 785 »Sermo,
742 731 907 789 inquit,
932 729 988 774 de
1006 728 1183 773 Graecis
1205 744 1297 773 esse
1317 730 1514 788 videtur,
1530 739 1638 791 post

314 802 486 845 Troiam
516 811 684 861 captam
705 818 866 861 poenas
887 818 939 845 ex
961 803 1044 845 ista
1065 803 1310 849 sumturis.”
1368 804 1483 848 Hinc
1505 805 1631 849 We!-

309 877 437 921 ckero
457 877 586 921 etiam
605 875 774 921 videtur
795 855 963 922 finxisse
980 876 1253 921 Stesichorus
1270 877 1317 921 in
1336 877 1412 922 Ilii
1430 878 1604 923 excidio
1617 910 1630 934 ,

308 952 518 996 Helenam
545 952 627 995 rite
654 951 806 1011 capitis
834 950 1166 995 condemnatam
1188 951 1317 995 fuisse
1336 952 1393 995 ab
1415 952 1626 996 Achaeis:

305 1027 509 1089 lapidatio
523 1042 654 1087 quum
662 1033 805 1087 poena
819 1026 947 1071 fuerit
967 1038 1176 1072 consueta
1192 1026 1272 1088 (1).
1296 1025 1381 1070 Sed
1399 1042 1608 1087 nusquam
1618 1059 1631 1083 ,

310 1103 390 1144 nisi
421 1102 567 1145 omnia
598 1117 670 1144 me
702 1101 879 1156 fallunt,
912 1102 1090 1161 legitur,
1129 1101 1317 1145 Graecos
1339 1108 1437 1161 post
1456 1101 1632 1145 Troiam

308 1186 477 1237 captam
514 1175 727 1236 supplicio
763 1174 936 1220 afficere
974 1175 1159 1220 voluisse
1193 1175 1421 1222 Helenam.
1495 1174 1630 1235 Aliud

308 1252 422 1294 enim
443 1261 530 1305 est,
563 1249 678 1308 quod
700 1251 746 1292 in
767 1251 839 1293 Ilii
859 1251 1032 1293 excidio
1054 1251 1204 1293 habuit
1223 1255 1354 1309 poeta
1377 1250 1443 1309 (ut
1461 1267 1515 1294 ex
1535 1250 1627 1298 tab.

304 1326 443 1369 Iliaca
478 1323 656 1379 conficit
690 1324 984 1383 Welckerus),
1030 1324 1278 1368 Menelaum
1311 1325 1500 1369 crinibus
1528 1341 1627 1369 eam

305 1398 583 1460 protraxisse,
627 1396 816 1458 gladium
851 1414 958 1442 vero
978 1408 1079 1458 post
1106 1405 1275 1459 tergum
1295 1399 1518 1443 retinuisse
1535 1398 1623 1460 (2),

304 1473 422 1534 quod
442 1471 636 1532 Euripidi
659 1472 967 1516 obversabatur
985 1474 1137 1518 Helen.
1161 1489 1226 1519 vs.
1253 1474 1352 1520 116.
1375 1474 1601 1518 scribenti:

471 1582 674 1627 Μενέλαος
700 1583 820 1632 αὐτήν
849 1578 908 1636 ἦγ’
936 1582 1161 1627 ἐπισπάσας
1190 1585 1324 1635 κόμης·

300 1692 345 1725 et
379 1680 589 1724 Androm.
610 1694 676 1726 vs.
696 1678 786 1723 630
806 1694 926 1739 sqq:

475 1787 573 1826 ἑλὼν
600 1784 646 1825 δὲ
674 1789 820 1837 Τροίαν
847 1808 902 1815 —-

473 1856 546 1897 οὐκ
576 1855 734 1899 ἔκτανες
758 1861 944 1908 γυναῖκα,
970 1858 1133 1908 κειρίαν
1154 1856 1305 1906 λαβὼν,

470 1926 571 1969 ἀλλ’,
601 1925 653 1967 ὥς
677 1924 828 1968 ἔςεΐδος
846 1926 1021 1974 μαστὸν,
1051 1924 1229 1974 ἐκβαλὼν
1255 1928 1397 1974 ξίφος,

470 1996 610 2047 ‘pilam’
637 1993 781 2046 ἐδέξω,
806 2015 862 2025 —

298 2100 475 2155 Contra,
484 2098 671 2143 Menelai
687 2098 869 2143 arbitrio
884 2096 1085 2142 traditam
1099 2096 1226 2142 fuisse
1239 2096 1468 2156 Helenam,
1487 2115 1617 2161 appa·

294 2182 362 2217 ret
381 2186 433 2216 ex
459 2171 619 2216 Troad.
635 2186 700 2217 vs.
725 2171 827 2216 880.
851 2186 946 2231 sqq:
969 2171 1050 2231 ipsi
1072 2181 1217 2215 autem
1238 2171 1381 2232 placet
1402 2171 1619 2217 abducere

296 2261 390 2289 eam

469 2306 672 2353 Ἑλληνίδ’
696 2308 755 2349 εἰς
780 2309 874 2358 γῆν,
901 2300 988 2356 κᾷτ’
1013 2303 1102 2344 ἐκεῖ
1123 2306 1267 2345 δοῦναι
1290 2313 1447 2346 κτανεῖν

458 2376 600 2420 ποινὰς
625 2376 739 2420 ὅσοις
763 2376 935 2415 aava&
956 2375 999 2413 ἐν
1025 2378 1141 2429 Ἰλίῳ
1162 2379 1294 2425 φίλοι·

335 2580 384 2626 (1)
408 2580 530 2614 Welck.
548 2582 647 2616 Jahn.
666 2581 754 2615 Ann-
779 2591 812 2626 p.
835 2580 925 2614 259:
959 2591 977 2612 ι
990 2591 1115 2614 woraus
1137 2591 1212 2614 man
1235 2580 1318 2615 aieht
1343 2580 1413 2615 dass
1432 2582 1623 2616 stesichoro·

290 2640 358 2673 eine
387 2637 553 2673 so'rmliche
585 2638 828 2685 Verunheilung
860 2636 916 2671 der
944 2636 1064 2670 Helena
1094 2635 1195 2671 durch
1230 2636 1282 2671 die
1312 2636 1433 2670 Achaei·
1462 2638 1624 2684 gediehtet

292 2699 398 2738 hatte3
423 2696 505 2730 deun
527 2695 716 2741 Steiniguug
738 2707 807 2730 war
825 2693 876 2729 die
898 2692 1118 2740 gewiihnliche
1140 2692 1334 2729 Todesstrase
1342 2696 1379 2737 ,⁹³
1401 2699 1462 2729 oet.

334 2754 383 2800 (2)
407 2754 491 2787 Idem
517 2752 662 2788 habuisse
687 2753 838 2799 Ibycum,
862 2758 966 2787 monet
989 2751 1111 2787 Welck.
1140 2753 1199 2786 Gr.
1224 2753 1282 2785 Tr.
1308 2763 1341 2796 p.
1371 2752 1404 2786 9.
