2037 3619
1097 402 1151 443 18

460 540 728 597 xoetiutqaer:
757 540 801 593 in
822 537 887 579 his
917 536 1033 578 enim
1053 550 1185 594 quam
1215 534 1436 580 difficilem
1461 539 1774 600 interpretatio-

458 631 558 658 nem
579 614 765 657 habeant
785 611 893 654 haec
913 611 1030 670 ipsa,
1059 610 1210 669 quibus
1230 609 1294 653 illi
1317 611 1538 669 nituntur,
1555 617 1775 673 ἀρχόμενος

456 695 530 744 τῆς
546 688 654 743 ᾠδῆς
672 696 716 730 et
733 685 887 743 α’νέστη
903 703 941 730 τ.
960 686 996 730 ὀ.
1019 684 1357 742 ἀπεστερημένος,
1383 699 1534 730 omnes
1554 698 1775 733 senserunt

457 763 538 805 viri
559 760 705 817 docti3
739 776 790 804 ac
824 776 1000 815 vereor,
1030 775 1086 803 ne
1115 770 1233 802 recte
1262 759 1496 818 suspicatus
1516 761 1572 804 sit
1603 762 1776 807 Geelius

456 837 519 896 (p.
558 835 675 895 12.),
715 847 857 878 totum
890 836 1005 878 hunc
1036 834 1181 896 locsum
1218 850 1307 878 esse
1336 834 1668 894 interpolatum,
1701 837 1780 881 de-

454 918 643 954 sumtum
678 910 844 953 scilicet
880 920 1007 968 atque
1040 918 1291 951 exornatum
1332 923 1387 951 ex
1419 908 1521 951 loco
1557 910 1777 954 simillimo

451 984 647 1028 Platonis
662 984 707 1026 in
723 982 923 1026 Phaedro
935 998 980 1041 p.
1003 981 1105 1035 243.
1120 997 1175 1036 a.,
1193 996 1321 1040 quem
1338 996 1439 1025 mox
1461 995 1696 1041 apponam.
1717 1010 1777 1019 —

454 1059 707 1111 Praeterea,
738 1056 855 1115 quod
887 1067 1036 1099 monet
1069 1055 1283 1108 Kleinius,
1316 1066 1415 1098 non‘
1441 1055 1568 1099 facile
1602 1073 1776 1101 narrare

452 1131 693 1192 potuissent
705 1129 979 1173 Himerenses
995 1140 1039 1172 et
1051 1128 1329 1173 Crotoniatae
1344 1129 1390 1173 id
1405 1129 1522 1190 quod
1537 1132 1777 1177 narrabant

452 1205 515 1267 (v.
537 1205 693 1266 infra),
723 1204 759 1247 si
779 1220 867 1247 uno
893 1202 1135 1263 eodemque
1158 1204 1349 1248 carmine
1379 1211 1423 1248 et
1447 1205 1705 1266 vituperium
1733 1218 1777 1252 et

451 1281 746 1326 laudationem
768 1280 963 1323 Helenae
982 1280 1217 1338 scripsisset
1236 1279 1517 1324 Stesichorus.

514 1356 695 1400 Illorum
732 1370 904 1414 quoque
941 1354 1204 1410 sententiae,
1244 1354 1315 1413 qui
1348 1354 1554 1415 peculiari
1589 1356 1779 1401 carmine

453 1431 712 1490 vituperium
736 1430 928 1472 Helenae
949 1430 1246 1487 conscriptum
1265 1440 1441 1488 putant,
1472 1430 1637 1487 obstat,
1661 1432 1780 1490 quod

454 1520 663 1564 nusquam
683 1503 912 1565 peculiaris
932 1503 1185 1562 propriusve
1215 1504 1405 1546 occurrit
1439 1504 1610 1548 titulus:
1644 1506 1780 1551 modo

454 1579 572 1622 enim
596 1578 846 1635 κακηγορίαι,
882 1576 1017 1620 modo
1041 1578 1288 1634 κατηγορία,
1323 1576 1458 1620 modo
1485 1582 1618 1635 ’ψόγος
1638 1580 1783 1640 appel-

452 1652 589 1710 latur,
620 1668 753 1712 »quae
782 1667 913 1695 voces
943 1668 1026 1712 pro
1061 1652 1264 1695 carminis
1296 1653 1444 1711 potius
1467 1667 1633 1697 summa
1654 1666 1783 1700 erunt

455 1726 735 1782 habendae‚''
766 1737 813 1769 ut
833 1737 951 1770 recte
973 1725 1137 1769 iudicat
1158 1725 1353 1769 Kleinius
1384 1725 1447 1785 (p.
1473 1727 1582 1786 23.).
1649 1728 1780 1783 Quod

460 1812 606 1845 autem
638 1817 692 1844 ex
723 1801 876 1843 Dionis
898 1800 1191 1860 Chrysostomi
1210 1800 1342 1855 ioco,
1376 1815 1503 1859 quem
1528 1817 1630 1844 mox
1650 1818 1783 1864 appo·

456 1891 587 1932 nam,
619 1875 810 1918 confecit
829 1874 945 1917 idem
975 1890 1018 1919 V.
1047 1873 1124 1919 d.:
1159 1874 1300 1917 »nulla
1320 1873 1614 1919 Stesichorum
1634 1888 1782 1936 protu-

457 1950 556 1994 lisse
581 1948 782 1993 adversus
808 1949 1046 2005 Helenam,
1082 1964 1191 2008 quae
1224 1963 1313 1991 non
1345 1959 1472 1992 antea
1491 1951 1783 2010 composuerit

458 2025 697 2080 Homerus,
731 2049 794 2060 —
817 2039 922 2084 ergo
949 2024 1185 2067 certissime
1207 2038 1289 2066 nec
1308 2023 1520 2083 singulare
1541 2039 1716 2068 carmen
1735 2026 1782 2068 in

459 2114 556 2142 eam
576 2098 726 2141 fecisse
739 2098 777 2153 ;”
808 2113 980 2153 vereor,
1011 2112 1067 2140 ne
1088 2097 1214 2139 nimis
1235 2097 1368 2140 Dioni
1387 2097 1609 2154 tribuerit,
1639 2100 1713 2158 qui
1732 2089 1794 2143 in>

461 2173 663 2216 oratione
700 2173 810 2229 XI2,
850 2188 959 2232 quae
993 2182 1057 2215 est
1096 2174 1200 2230 ὑπὲρ
1235 2178 1307 2217 τοῦ
1334 2171 1472 2218 Ἴλιον
1501 2177 1558 2230 μὴ
1593 2173 1779 2228 ἁλῶναι,

461 2247 645 2291 Homeri
666 2248 901 2290 narrationi
924 2262 1101 2290 omnem
1132 2246 1359 2291 detrahere
1378 2249 1601 2292 veritatem
1615 2281 1628 2305 ,
1660 2265 1783 2293 men-

464 2320 661 2382 daciique
681 2322 820 2382 ipsum
841 2322 1101 2366 convincere
1126 2322 1326 2383 cupiens,
1346 2323 1493 2367 falsam
1515 2339 1606 2368 esse
1620 2324 1784 2369 Home·

460 2397 596 2441 ricam
636 2398 928 2441 narrationem
970 2397 1071 2440 inde
1110 2413 1318 2457 apparere
1355 2397 1483 2455 dicit,
1526 2398 1668 2458 quod,
1707 2400 1779 2460 qui

456 2470 608 2514 eadem
642 2472 787 2515 omnia
826 2482 954 2530 atque
991 2472 1207 2515 Homerus
1242 2472 1470 2529 cecinerit,
1509 2473 1778 2519 Stesichorus

461 2555 689 2604 propterea
728 2546 858 2589 fuerit
894 2557 1150 2590 occoecatus
1163 2579 1175 2602 ,
1218 2550 1276 2598 ὥς
1311 2553 1578 2605 ψευσάμενος.
1638 2549 1782 2593 Verba

461 2619 615 2663 Dionis
635 2620 743 2664 haec
768 2631 889 2664 sunt:
922 2620 1067 2680 (or-att.
1099 2638 1142 2681 p.
1174 2622 1269 2666 162.
1293 2624 1348 2668 A.
1374 2623 1445 2669 ed.
1468 2624 1603 2682 Mor„
1622 2626 1777 2686 fragm.

466 2710 535 2752 19.
572 2711 642 2754 ap.
669 2694 836 2754 Klein.)
897 2699 1014 2741 Οὕτω
1045 2698 1111 2753 δὲ,
1142 2699 1220 2753 ἔφη
1254 2697 1469 2756 (sacerdos
1501 2699 1777 2761 Aegyptius),

458 2770 629 2825 γελοίως
665 2770 873 2815 διάκεισθε
910 2773 1022 2827 ὑμεῖς
1034 2805 1048 2827 ,
1086 2771 1189 2816 ὥστε
1224 2777 1398 2831 ποιητὴν
1426 2774 1589 2834 ἕτερον,
1620 2775 1782 2834 Ὁμήρῳ

456 2845 684 2891 πεισθέντα
706 2847 777 2889 καὶ
809 2846 974 2890 ταύτὰ
1005 2850 1179 2892 πάντα
1208 2852 1436 2902 ποιήσαντα
1467 2851 1558 2906 περὶ
1582 2848 1778 2907 Ἑλένης,
