2037 3619
632 1019 888 1086 CAPUT
927 1019 1327 1104 omarum,

523 1203 587 1243 DE
612 1202 839 1246 TRAGICIS
863 1203 927 1244 DE
955 1202 1161 1254 IPSOQUE
1190 1204 1441 1247 EURIPIDE.

885 1447 1112 1467 ..ω-

387 1667 412 1718 ς
441 1679 480 1707 1.
543 1645 794 1720 Antequam
815 1659 870 1703 ad
888 1661 1029 1720 ipsum
1049 1661 1297 1722 Euripidem
1314 1666 1634 1724 perveniamuS,

327 1738 383 1782 de
411 1738 463 1780 iis
494 1750 667 1795 quoque
700 1733 931 1777 videndum
958 1745 1023 1777 est
1055 1735 1226 1795 tragicis
1245 1739 1386 1795 poetis
1402 1771 1415 1794 ‚
1446 1741 1518 1799 qui
1539 1757 1639 1801 pro-

327 1813 442 1855 xime
468 1826 567 1854 eum
597 1815 939 1864 antecesserunt,
969 1824 1023 1851 an
1051 1808 1211 1852 fuerint
1245 1812 1319 1869 qui
1339 1813 1452 1856 hanc
1475 1813 1531 1858 de
1554 1815 1641 1859 He.

326 1887 426 1930 lena
453 1884 612 1929 famam
642 1883 776 1927 secuti
805 1882 903 1926 sint.
938 1909 996 1916 —
1026 1883 1081 1926 Et
1108 1886 1327 1929 veterrimi
1363 1886 1537 1946 quidem
1576 1890 1640 1933 illi

328 1973 427 2005 ante
443 1958 715 2018 Aeschylum,
730 1958 857 2016 primi
869 1956 1187 2017 tragoediarum
1201 1970 1398 2004 auctores
1409 1994 1422 2017 ,
1434 1962 1630 2023 Thespis,

327 2035 537 2088 Pratinas,
559 2031 804 2087 Choerilus,
827 2031 1091 2090 Phrynichus
1107 2064 1121 2087 ,
1144 2048 1212 2075 res
1229 2032 1437 2078 Troianas
1456 2036 1636 2080 omnino

326 2126 415 2153 non
437 2108 622 2167 attigisse
642 2105 863 2161 videntur,
886 2098 1119 2165 Phryniehi
1140 2106 1176 2149 si
1197 2107 1383 2167 excipias
1410 2110 1602 2157 Troilum
1618 2142 1632 2166 ‚

323 2182 458 2228 modo
476 2181 682 2226 exstiterit
698 2180 787 2225 eius
802 2178 921 2224 modi
933 2178 1189 2241 Tragoedia:
1209 2197 1251 2226 v.
1264 2181 1437 2228 Welck.
1458 2183 1538 2229 Gr.
1561 2185 1634 2230 Tr.

324 2277 371 2320 p.
399 2275 470 2302 20.
489 2283 552 2292 —-
572 2256 659 2311 Qui
680 2271 785 2299 vero
808 2262 905 2315 post
925 2255 1022 2298 illos
1045 2255 1218 2299 fuerunt
1244 2259 1395 2318 tragici
1413 2260 1525 2303 hanc
1547 2276 1636 2306 cer·

325 2334 449 2378 tatim
475 2341 714 2379 sumserunt
736 2329 967 2390 tragoediis
994 2331 1237 2386 materiam,
1269 2331 1387 2389 quod
1409 2333 1481 2377 vel
1503 2350 1557 2378 ex
1580 2334 1635 2376 ti·

324 2409 423 2453 tulis
450 2408 552 2451 licet
581 2419 856 2466 cognoscere.
918 2403 1119 2464 Aeschyli
1147 2414 1292 2447 tamen
1322 2405 1439 2449 nulla
1464 2406 1635 2451 videtur

324 2483 450 2526 fuisse
467 2514 481 2537 ,
515 2482 635 2526 cuius
664 2479 829 2523 Helena
851 2484 960 2521 esset
981 2488 1279 2537 argumentum
1300 2494 1312 2522 ε
1335 2480 1380 2521 in
1397 2480 1448 2522 iis
1465 2492 1610 2524 autem
1625 2515 1660 2538 ,‘

328 2571 436 2616 quae
465 2554 522 2612 ad
548 2554 741 2598 Helenae
759 2552 863 2596 (fata
896 2552 1115 2612 pertinent
1131 2584 1144 2611 ,
1179 2568 1206 2596 a
1221 2552 1384 2614 vulgari
1407 2548 1641 2600 traditione

329 2629 561 2674 Homerica
586 2644 676 2672 non
700 2625 885 2688 deflexit.
916 2651 975 2662 --
1003 2626 1155 2685 Neque
1175 2626 1404 2687 Sophoclis
1432 2629 1643 2683 Ἀλέξων.

329 2709 421 2766 ὄρος
435 2739 449 2762 ‚
495 2705 668 2762 Ἑλένης
704 2708 832 2761 γάμος
846 2734 858 2758 ,
911 2701 1016 2744 aliae
1033 2734 1045 2757 ,
1099 2701 1330 2761 quidquam
1364 2704 1410 2746 in
1443 2715 1640 2750 nostram

330 2797 498 2829 causam
515 2779 675 2826 valent.
708 2777 907 2823 Eiusdem
924 2777 977 2822 ‘E
986 2776 1040 2822 λέ
1055 2795 1080 2823 v
1091 2795 1117 2834 η
1128 2795 1149 2828 ς
1179 2780 1284 2834 ἁρπ
1295 2781 1428 2834 σιγὴν
1443 2777 1643 2826 Welcke-

331 2874 402 2901 rus
437 2857 541 2901 olim
568 2855 666 2915 (Gr.
708 2855 783 2898 Tr.
819 2870 862 2913 p.
896 2852 975 2897 158
999 2853 1084 2913 sq.)
1109 2852 1253 2896 retulit
1271 2852 1326 2896 ad
1353 2854 1567 2899 Helenam
1590 2858 1645 2901 ab

1465 2930 1532 2982 4*
