2037 3619
1018 387 1071 429 19

370 522 627 580 Στησίχορον
651 524 707 573 ὥς
731 520 867 578 οἶμαι.
897 523 1170 579 τυφλωθῆναί
1193 539 1299 579 φατε
1317 525 1399 569 ὑπὸ
1421 527 1495 580 τῆς
1518 522 1696 583 Ἑλένης

369 600 427 647 ὥς
444 602 701 653 ψευσάμενον
712 631 727 652 ,
756 596 880 650 αὖθις
898 599 944 644 δὲ
962 599 1205 657 ἀναβλέψαι
1222 601 1429 645 τάναντία
1446 604 1694 655 ποιήσαντα·

368 674 440 716 καὶ
473 678 603 717 ταῦτα
642 674 850 730 λέγοντες,
883 673 1007 720 οὐδὲν
1037 671 1163 730 ἦττον
1187 674 1326 731 ἀληθῆ
1359 692 1462 730 φατε
1483 670 1593 722 εἶναι
1617 679 1694 731 τὴν

366 748 546 806 Ὁμήρου
575 752 752 807 ποίησιν.
813 749 922 793 Mihi
944 748 1238 792 Stesichorum
1260 763 1316 791 ne
1344 748 1493 809 legisse
1516 749 1692 810 quidem

366 822 534 866 videtur
557 825 642 867 Dio
656 857 669 880 ‚
694 824 770 868 sed
791 824 959 866 duxisse
980 824 1094 900 nanc
1116 822 1297 865 Homeri
1322 838 1423 865 cum
1441 823 1692 869 stesichoro

371 900 740 959 comparationem
761 914 815 942 ex
835 897 1077 957 pervulgari
1097 897 1200 939 loco
1220 896 1411 940 Platonis
1426 899 1471 940 in
1490 898 1691 942 Phaedro

366 988 409 1032 p.
433 973 536 1027 243.
561 988 628 1027 a.,
662 974 781 1016 cuius
802 971 890 1014 hoc
931 972 1121 1015 initium:
1165 972 1289 1016 ’Ἐστι
1317 972 1363 1016 δὲ
1392 979 1477 1023 τοῖς
1503 976 1689 1031 ἁμαρτά-

370 1064 485 1092 νουσι
503 1050 596 1105 περὶ
616 1047 877 1103 μυθολογίαν
898 1050 1113 1105 καθαρμός
1132 1048 1321 1105 ἀρχαῖος,
1343 1050 1393 1091 ὃν
1412 1047 1594 1106 “Ὄμηρος
1611 1051 1689 1104 μὲν

362 1124 436 1167 οὐκ
454 1126 628 1180 ᾔσθετο,
647 1123 898 1181 Στησίχορος
920 1123 980 1167 δέ.
1043 1125 1143 1169 Τῶν
1162 1125 1242 1179 γὰρ
1261 1123 1456 1177 ὀμμάτων
1480 1126 1688 1182 στερηθεὶς

362 1197 432 1242 διὰ
451 1200 526 1252 τὴν
543 1197 721 1253 Ἑλένης
738 1197 992 1255 κακηγορίαν
1004 1228 1016 1248 ,
1044 1198 1120 1242 οὐκ
1142 1200 1341 1257 ἠγνόησεν
1359 1198 1491 1257 ὥςπερ
1507 1191 1688 1258 ’Ὄμηρος

366 1291 403 1316 κ.
423 1291 464 1318 τ.
485 1273 523 1315 λ.
565 1299 616 1307 -
650 1272 876 1314 Vocabula
919 1282 1141 1329 praeterea
1190 1274 1324 1316 ταύτὰ
1366 1279 1508 1318 πάντα
1552 1275 1690 1317 ambi-

360 1362 442 1408 gue
488 1345 605 1389 dicta
640 1344 770 1387 Dioni
791 1357 803 1388 ε
849 1359 1035 1403 quorum
1082 1344 1152 1388 vel
1195 1345 1305 1389 haec
1346 1348 1559 1393 sententia
1594 1355 1659 1392 est
1673 1381 1686 1403 ,

361 1420 494 1463 »nihil
532 1435 632 1462 eum
665 1419 892 1478 protulisse
925 1418 1126 1462 adversus
1159 1420 1396 1476 Helenam,
1439 1420 1556 1480 quod
1594 1437 1685 1465 non

362 1504 486 1538 antea
516 1492 806 1553 composuerit
835 1491 1099 1547 Homerus?
1127 1492 1493 1550 quemadmodum
1517 1497 1687 1555 accepit

365 1568 584 1622 Kleinius,
617 1566 685 1610 vel
719 1564 980 1609 credendum
1001 1576 1087 1621 est,
1121 1565 1272 1610 cadem
1295 1568 1441 1611 omnia
1461 1583 1562 1611 eum
1585 1585 1684 1612 nar·

358 1658 472 1687 rasse
509 1641 564 1686 de
592 1641 757 1684 Helena
771 1673 784 1695 ,
818 1655 929 1699 quae
965 1640 1222 1686 Homerum.
1291 1641 1485 1702 Utraque
1516 1655 1688 1688 senten·

358 1718 420 1760 tia
456 1732 481 1759 a
515 1716 699 1759 veritate
734 1715 900 1758 aliena:
940 1714 1060 1773 quod
1097 1730 1200 1758 mox
1233 1731 1288 1758 ex
1320 1717 1422 1775 ipsis
1456 1719 1683 1777 apparebit

356 1790 621 1850 fragmentis.
683 1789 832 1848 Itaque
852 1803 942 1831 non
965 1803 1073 1831 curo
1102 1788 1210 1832 hacc
1237 1784 1411 1846 Dionis,
1440 1791 1510 1835 vel
1537 1793 1682 1851 potius

355 1863 590 1907 sacerdotis
607 1863 725 1906 istius
742 1862 941 1922 Aegyptii
955 1862 1086 1905 verba
1099 1893 1112 1917 ,
1126 1862 1341 1922 facileque
1362 1863 1463 1907 huic
1484 1880 1680 1909 errorem

358 1936 696 1983 condonandum
733 1952 920 1991 censeo,
962 1936 1035 1994 qui
1070 1936 1210 1995 ipsum
1251 1953 1412 1981 nomen
1437 1938 1680 1984 Stesichori

354 2014 424 2057 vix
444 2013 629 2056 tenuisse
648 2010 862 2067 videatur,
894 2014 1070 2069 ποιητὴν
1091 2012 1246 2068 ἕτερον,
1272 2011 1442 2067 dicens,
1470 2015 1677 2074 Στησίχο-

350 2107 424 2148 ρον
437 2120 451 2143 ,
474 2091 531 2139 ὦς
554 2084 682 2143 οἶμαι.

413 2163 703 2208 Nihilominus
723 2161 983 2205 simillimam
1000 2161 1091 2205 veri
1109 2161 1381 2220 maximeque
1402 2163 1674 2222 probabilem

354 2239 516 2282 Kleinii
540 2237 625 2296 (ll.)
654 2247 699 2279 et
731 2236 948 2279 Welckeri
977 2234 1040 2294 (p.
1066 2235 1186 2294 265.)
1215 2236 1355 2279 habeo
1385 2238 1641 2281 sententiam
1656 2270 1671 2293 ,

355 2312 565 2358 Helenam
583 2311 726 2354 obiter
739 2310 881 2370 potius
896 2310 941 2352 in
955 2308 1142 2368 quodam
1161 2310 1352 2353 carmine
1367 2311 1672 2370 reprehensam

352 2403 459 2432 esse.
521 2376 666 2442 Quum
687 2386 803 2429 enim
829 2400 882 2428 ex
908 2383 1125 2429 nonnullis
1154 2384 1389 2428 Stesichori
1421 2386 1671 2447 fragmentis

358 2471 567 2523 appareat
577 2494 590 2515 ‚
607 2462 746 2521 ipsum
765 2474 856 2504 non
873 2457 1026 2503 eadem
1042 2460 1187 2502 omnia
1200 2458 1257 2502 de
1267 2458 1433 2503 Helena
1448 2461 1677 2518 cecinisse,

354 2552 463 2597 quae
484 2537 750 2591 Homerum,
781 2536 873 2578 imo
891 2534 1032 2594 plura,
1056 2548 1185 2593 quam
1203 2533 1351 2590 illum,
1375 2535 1422 2578 in
1452 2536 1544 2579 eius
1563 2536 1677 2580 vitu-

359 2612 527 2673 perium
564 2610 812 2671 protulisse3
850 2620 939 2653 non
972 2605 1177 2652 dissimile
1200 2609 1294 2653 veri
1319 2609 1427 2665 erit,
1459 2610 1568 2654 haec
1588 2610 1681 2672 ipsa

353 2687 590 2747 fragmenta
611 2691 810 2744 vituperii
829 2684 1052 2729 continere
1072 2694 1265 2744 partem:
1295 2684 1577 2743 vituperatam
1598 2686 1678 2747 igi-

358 2773 428 2806 tur
457 2777 546 2806 esse
567 2760 776 2806 Helenam
800 2761 848 2806 in
875 2775 930 2805 eo
953 2759 1046 2822 ipso
1070 2759 1287 2815 carmine,
1318 2759 1437 2803 cuius
1457 2759 1570 2805 haec
1592 2764 1677 2806 sint

356 2838 610 2897 fragmenta.
664 2835 729 2879 Ad
753 2835 970 2894 quodnam
1002 2844 1141 2884 autem
1166 2849 1343 2879 carmen
1368 2836 1678 2895 pertinuerint,

1463 2927 1484 2952 2
1510 2912 1530 2932 ζ
