2037 3619
916 394 969 437 67

286 530 376 572 fere
420 528 625 570 Fabulam
666 530 820 575 assidet
859 531 1057 575 Helena·
1044 564 1057 587 ,
1090 558 1148 566 —-
1178 534 1223 575 in
1267 532 1332 575 lus
1372 531 1597 591 Euripides

286 614 387 647 ante
416 602 563 646 oculos
589 605 782 649 habuisse
809 606 978 650 videtur
1001 608 1131 651 verba
1153 607 1382 652 Herodoti
1388 606 1595 665 (IL112)

285 678 504 737 »Memphi
546 678 689 722 Protei
721 696 811 724 esse
843 681 1008 736 τέμενος
1043 687 1175 739 κάρτα
1207 683 1337 728 καλὸν
1374 700 1419 727 τε
1455 684 1527 725 καὶ
1555 686 1598 724 εὐ

284 755 598 810 ἐσκευασμένον,
631 781 685 790 —
712 758 796 800 ἔστι
833 758 878 801 δὲ
919 761 965 802 ἐν
998 762 1057 813 τῷ
1092 759 1254 813 τεμένεϊ
1293 763 1364 804 τοῦ
1405 758 1599 815 Πρωτέος

288 830 395 885 ἱρὸν,
436 833 481 873 τὸ
518 831 707 874 καλέεται
742 832 878 887 ξείνης
913 832 1184 890 Ἀφροδίτης·
1232 833 1516 893 συμβάλλομαι
1549 833 1595 876 δὲ

286 909 403 950 τοῦτο
424 909 470 949 τὸ
495 908 580 962 ἱρὸν
605 902 711 951 εἶναι
728 907 782 950 ‘E
790 907 942 963 λένης
971 914 1041 963 τῆς
1064 909 1326 965 Τυνδάρεω.”
1348 935 1405 944 -
1428 907 1598 951 Deinde

286 978 401 1036 quod
425 979 479 1021 ab
502 978 704 1038 Euripide
728 979 909 1022 Proteus
932 978 1104 1039 fingitur
1128 981 1320 1023 omnium
1350 979 1596 1023 mortalium

286 1053 671 1097 continentissimus
709 1052 785 1113 (vs.
813 1053 888 1113 47)
916 1062 958 1097 et
986 1056 1119 1098 iustus
1149 1054 1228 1115 (vs.
1257 1054 1363 1114 958.
1385 1054 1484 1116 aL),
1516 1071 1599 1113 quo

287 1129 384 1171 vivo
409 1129 572 1171 Helena
596 1129 746 1179 ἄσυλος
775 1127 828 1184 ἦν
853 1130 995 1185 γάμων
1024 1129 1102 1188 (vs.
1124 1129 1222 1188 61),
1256 1131 1327 1187 qui
1366 1130 1409 1171 in
1449 1130 1595 1172 animo

286 1203 471 1245 habebat
504 1203 713 1246 Helenam
746 1206 890 1255 σώζειν
923 1208 1058 1255 πόσει,
1092 1203 1233 1246 donec
1254 1205 1347 1261 ipse
1377 1202 1598 1245 adveniret

285 1277 591 1329 κοῖπολάζεσθαι
622 1278 737 1321 θέλει
767 1277 844 1335 (vs.
882 1277 1012 1336 927):
1059 1278 1103 1319 in
1139 1278 1203 1319 his
1246 1292 1417 1335 quoque
1459 1277 1596 1319 Poeta

283 1362 451 1395 secutus
490 1359 552 1395 est
593 1350 887 1406 Herodotum,
921 1352 1038 1394 cuius
1074 1351 1254 1393 Proteus
1292 1354 1384 1409 περὶ
1413 1352 1593 1406 πολλοῦ,

266 1432 457 1483 -ήγῆμαι,
476 1427 701 1484 ἰηςιιὶῑ,μὴ
720 1426 1031 1477 ξεινοκτονέειν,
1052 1436 1095 1468 et
1111 1441 1233 1481 mox,
1249 1428 1328 1480 ἐγὼ
1347 1432 1405 1483 τῷ
1416 1427 1598 1483 ςΈλληνι

285 1503 407 1558 ξείνῳ
426 1502 622 1557 φυλάξω,
643 1506 683 1553 ἐς
704 1505 727 1546 ὃ
750 1505 805 1547 ἂν
832 1503 954 1552 αὐτὸς
971 1500 1109 1545 ἐλθὼν
1129 1504 1279 1551 ἐκεῖνος
1303 1503 1598 1556 ἀπαγαγέσθαι
1648 1542 1650 1544 ,

289 1578 413 1634 ἐθέλῃ
446 1576 501 1635 (c.
537 1574 631 1618 115.
660 1575 727 1634 f.).
761 1600 817 1608 —
850 1575 983 1617 Recte
1007 1590 1109 1617 vero
1140 1582 1356 1618 mortuum
1390 1576 1594 1619 Proteum

288 1650 407 1694 finxit
444 1649 693 1709 Euripides:
713 1649 797 1692 ¹cui
826 1649 941 1692 enim
961 1649 1122 1707 Iupiter
1144 1648 1223 1707 (VS.
1248 1650 1339 1709 47.)
1353 1683 1364 1705 ‚

444 1788 597 1825 πάντων
625 1791 838 1839 προκρίνας
866 1786 1187 1837 σωφρονέστατον
1215 1786 1388 1839 βροτῶν,

285 1916 492 1959 Helenam
524 1914 700 1957 dederat
731 1912 1046 1968 asservandam‚
1082 1913 1153 1955 ille
1182 1914 1272 1956 sine
1295 1912 1426 1955 dubio
1450 1913 1590 1956 reddi-

283 1991 411 2033 disset
441 1989 638 2033 Menelao
668 1990 901 2047 repetenti,
936 1998 983 2030 ut
1010 1989 1100 2047 ipsa
1131 1988 1338 2031 Theonoa
1369 1988 1456 2031 filia
1488 2004 1591 2031 con-

287 2064 431 2107 fitetur
454 2063 533 2121 (vs.
563 2061 706 2119 1028.)

776 2211 828 2220 —-
854 2211 909 2221 --
936 2200 1066 2233 κεῖνος
1094 2195 1166 2243 γὰρ
1193 2192 1241 2228 ἂν
1270 2193 1423 2241 βλέπων

440 2263 638 2302 ἀπέδωκεν
665 2262 713 2299 ἂν
742 2265 808 2300 σοὶ
837 2261 942 2309 τήνδ’
977 2261 1113 2310 ἔχειν,
1142 2265 1263 2313 ταύτῃ
1290 2259 1335 2300 δὲ
1363 2262 1419 2299 σέ.

283 2387 643 2452 quemadmodum
671 2386 784 2448 apud
817 2385 1086 2431 Herodotum
1128 2397 1186 2446 (c.
1222 2387 1339 2446 119.)
1369 2386 1587 2430 Menelaus

285 2483 309 2509 a
324 2467 484 2509 Proteo
502 2467 570 2508 καὶ
587 2465 749 2516 ξεινίων
767 2468 912 2520 ἤντησε
923 2463 1131 2519 μεγάλων,
1148 2463 1217 2505 καὶ
1229 2462 1405 2519 Ἑλένην
1418 2463 1588 2507 ἀπάθεα

287 2549 426 2588 κακῶν
457 2542 681 2601 ἀπέλαβεν.
742 2540 833 2582 Nisi
865 2540 992 2599 igitur
1023 2538 1226 2581 Proteum
1260 2548 1477 2580 mortuum
1510 2538 1588 2580 fin-

286 2620 410 2662 xisset
431 2617 588 2671 Poeta,
620 2615 780 2659 nullum
803 2612 1039 2674 periculum
1056 2613 1102 2655 in
1125 2611 1288 2655 Fabula
1304 2611 1472 2667 fuisset,
1491 2612 1590 2656 nul·

285 2694 350 2735 lus
372 2702 506 2733 metus
519 2721 532 2743 ,
553 2690 667 2731 nulla
688 2687 948 2747 exspectatio
960 2717 973 2739 ,
989 2685 1127 2727 nullus
1146 2684 1328 2741 denique
1344 2683 1588 2742 tragoediae

285 2768 417 2811 locus.
477 2763 699 2825 Ingeniose
720 2776 847 2824 ergo,
879 2769 925 2803 ut
941 2757 1115 2803 affectui
1137 2756 1378 2802 consuleret
1398 2757 1586 2819 tragico,

287 2854 329 2883 et
367 2851 580 2883 mortuum
609 2838 728 2880 finxit
747 2837 971 2887 Proteum,
1002 2844 1045 2876 et
1071 2835 1109 2874 ei
1137 2833 1349 2875 substituit
1377 2832 1588 2891 Theocly-

1330 2906 1384 2948 ἲς*-
