2037 3619
1054 358 1110 399 72

406 496 469 554 (ut
492 497 552 539 ait
562 497 713 540 Valck.
735 496 847 538 adh.
868 495 919 552 l.)
943 495 1091 552 prodit
1104 495 1353 538 Herodotus
1369 498 1426 540 ΙΙ.
1459 511 1564 539 120:
1584 499 1641 546 ὥς
1652 500 1733 552 μὲν

408 572 491 626 ἐγὼ
507 576 674 629 γνώμην
691 570 994 625 ἀποφαίνομαι,
1008 576 1079 614 τοῦ
1096 570 1314 626 δαιμονίου
1336 572 1730 630 παρασκευάζοντος,

407 651 511 699 ὅκως
523 646 778 703 πανολεθρίῃ
794 645 1042 700 ἀπολόμενοι
1059 648 1295 700 καταφανὲς
1309 650 1430 691 τοῦτο
1446 654 1549 692 τοῖσι
1566 651 1732 706 ἀνθρώ·
1762 672 1768 677 -

410 738 521 767 σιοισι
560 728 754 776 ποιήσωσι
769 754 780 773 ,
814 724 875 772 ‹134-
911 724 996 766 τῶν
1031 720 1222 777 μεγάλων
1259 722 1525 779 ἀδικημάτων
1554 724 1731 779 μεγαλαί

408 803 480 843 εἶσι
510 801 580 842 καὶ
608 800 655 841 αἱ
671 799 859 854 τιμωρίαι
879 800 991 855 παρὰ
1018 801 1102 843 τῶν
1135 802 1269 844 θεῶνε
1295 797 1420 841 aliam
1445 814 1588 843 rursus
1610 801 1731 844 Euri·

406 874 525 933 pides
545 874 647 933 ipsis
667 874 751 916 iuis
772 874 960 917 versibus
980 889 1030 917 ex
1051 873 1216 916 Helena
1239 872 1373 915 modo
1394 872 1579 917 laudatis
1601 875 1732 917 subii-

409 950 467 992 cit
488 948 768 992 sententiani:

601 1061 748 1110 γνωτόν
777 1073 819 1097 τε
847 1061 947 1107 θείη
977 1059 1045 1097 τὸν
1075 1060 1287 1110 κράτιστον
1319 1059 1525 1102 Ἑλλάδος.

407 1176 661 1227 Caeterum,
694 1172 884 1232 singulos
911 1172 1053 1216 fontes
1081 1173 1304 1232 variasque
1324 1172 1480 1229 famas,
1513 1189 1617 1233 quas
1638 1175 1733 1218 obi-

409 1260 474 1292 ter
503 1249 547 1291 in
576 1263 697 1291 suam
724 1263 894 1291 causam
920 1249 1048 1291 vertit
1072 1248 1319 1308 Euripides,
1350 1248 1414 1308 (ut
1454 1248 1508 1292 de
1541 1250 1733 1293 Helenae

409 1323 623 1366 natalibus
638 1356 650 1379 ,
670 1323 817 1367 liberis
834 1356 846 1379 ‚
872 1322 925 1367 de
948 1323 1194 1382 reliquaque
1218 1323 1308 1367 eius
1326 1324 1526 1379 historia,
1550 1324 1604 1367 de
1628 1326 1733 1368 Dio-

410 1400 542 1441 scuris
572 1398 657 1456 (1),
686 1398 787 1457 cet.)
817 1399 888 1441 alii
917 1398 1131 1441 uberrime
1163 1409 1262 1441 ante
1286 1413 1363 1440 nos
1388 1399 1732 1458 exploraverunt.

470 1478 493 1527 S
524 1476 569 1526 4.
598 1519 602 1526 ,
632 1472 732 1515 Νοη
762 1474 971 1516 absonum
1004 1478 1147 1514 autem
1178 1471 1347 1515 videtur
1373 1472 1495 1516 locos
1524 1474 1733 1518 subiicere

411 1548 663 1601 nonnullos,
700 1546 754 1589 ad
795 1548 909 1589 hunc
948 1546 1002 1589 de
1028 1545 1193 1588 Helena
1224 1547 1419 1605 mythum
1442 1549 1732 1606 pertinenteS,

411 1623 482 1681 qui
499 1622 566 1665 vel
587 1638 639 1665 ex
655 1620 867 1665 Herodoti
886 1622 1157 1676 narratione,
1180 1620 1250 1663 vel
1267 1636 1318 1664 ex
1337 1621 1552 1681 Euripidis
1567 1623 1733 1666 Helena

409 1696 551 1740 hausti
573 1708 670 1739 sunt
684 1729 697 1752 ,
730 1696 800 1740 vel
823 1712 877 1740 ex
898 1707 1080 1754 utroque
1103 1695 1273 1738 confusi
1297 1695 1512 1740 videntur.

471 1772 613 1814 Minus
650 1772 736 1813 huc
770 1772 1015 1830 pertinent,
1063 1770 1135 1827 qui
1169 1769 1349 1812 Homeri
1373 1781 1651 1829 respexerunt
1671 1770 1735 1814 lo·

414 1862 510 1888 cum
525 1844 708 1904 (Od.1V.
720 1860 803 1904 227
819 1855 862 1887 et
877 1842 979 1887 351.
995 1843 1110 1902 sqq.)
1128 1875 1140 1897 ,
1157 1858 1242 1900 quo
1266 1842 1433 1885 Helena
1454 1843 1650 1902 Spartam
1676 1861 1738 1888 re-

413 1931 582 1963 vertens
600 1936 697 1962 cum
714 1918 915 1961 Menelao
931 1918 973 1959 in
992 1918 1233 1977 Aegyptum
1252 1917 1415 1959 venisse
1438 1916 1595 1959 dieitur
1610 1933 1619 1959 :
1637 1934 1677 1962 v.
1694 1935 1732 1962 c.

412 1995 655 2038 Athenaeus
682 1992 753 2051 (V.
779 1992 902 2051 191),
937 1991 1132 2035 »Helena
1158 1995 1270 2048 παρὰ
1299 1998 1382 2036 τῶν
1415 1995 1461 2037 ἐν
1481 1997 1736 2051 Αἰγύπτῳ

412 2074 548 2123 σοφῶν
593 2071 859 2123 μεμαθηκυῖα
904 2066 1081 2115 πολλοὺς
1120 2066 1265 2119 λόγους
1305 2091 1367 2101 -
1408 2070 1464 2117 εἷς
1511 2070 1583 2112 τὸν
1620 2064 1735 2114 οἶνον

411 2143 604 2203 ἐμβάλλει
643 2144 829 2191 πανακὲς
859 2144 918 2197 τῷ
952 2143 1044 2184 ὄντι
1086 2147 1340 2197 φάρμακον·;
1392 2141 1487 2184 Ael.
1526 2142 1737 2185 Aristides

410 2218 516 2278 (vol.
539 2218 596 2261 II.
621 2232 666 2276 p.
693 2216 796 2269 482.
821 2213 976 2273 Dind.)
998 2213 1053 2257 de
1074 2215 1292 2269 Homero,
1316 2213 1401 2259 οἶδε
1421 2217 1491 2258 καὶ
1514 2218 1637 2266 αὑτός
1653 2234 1736 2261 που

408 2297 483 2340 τὸν
496 2278 718 2340 Μενελᾶου
733 2294 807 2337 σύν
822 2290 977 2349 Ἑλένῃ
997 2291 1129 2336 πλοῦν
1154 2294 1209 2342 εἷς
1225 2292 1452 2345 Αἴγυπτον
1466 2322 1479 2345 ,
1504 2290 1574 2333 alii
1589 2306 1601 2346 ς
1629 2306 1736 2350 quos

411 2385 560 2413 omnes
578 2383 802 2411 recensere
818 2377 861 2409 et
880 2366 1057 2426 longum
1077 2377 1164 2421 est,
1185 2378 1228 2409 et
1250 2368 1321 2409 vix
1343 2382 1502 2427 operae
1517 2366 1702 2426 pretium
1719 2382 1730 2409 ε

410 2444 522 2488 addo
568 2456 711 2488 tamen
755 2443 902 2485 locum
940 2442 1089 2484 Iustini
1133 2442 1334 2501 Martyris
1372 2441 1462 2500 (2),
1512 2442 1585 2501 qui
1618 2442 1732 2485 viros

450 2604 498 2648 (1)
521 2606 620 2647 Quam
657 2605 769 2637 samam
800 2604 840 2637 de
870 2606 1027 2638 Dioscuris
1045 2611 1170 2638 secutus
1200 2605 1241 2636 sit
1266 2604 1429 2648 Euripides
1457 2604 1491 2636 in
1513 2604 1572 2637 hac
1596 2605 1713 2639 Fabula
1728 2630 1739 2647 ,

401 2669 503 2694 monet
534 2662 734 2695 Henrichsen.
762 2662 798 2695 ll.
823 2674 855 2707 p.
878 2663 936 2695 40.
962 2681 1010 2687 —
1035 2663 1079 2694 De
1105 2663 1235 2695 caeteris
1267 2662 1387 2694 consuli
1417 2663 1561 2706 inprimis
1584 2670 1740 2697 merentur

403 2721 503 2764 intpp.
529 2719 568 2753 ad
587 2720 704 2764 Hygin.
717 2744 727 2761 ,
751 2719 928 2763 Apollodor.
941 2743 951 2760 ,
975 2720 1130 2752 Meziriac.
1155 2718 1195 2752 ad
1220 2718 1307 2751 ovid.
1334 2720 1473 2751 Heroid.

447 2777 495 2820 (2)
520 2777 552 2808 P.
573 2778 651 2809 104.
684 2776 741 2810 Ed.
772 2775 867 2809 Oxon.
901 2777 1029 2818 1703„
1054 2778 1147 2810 cuius
1173 2776 1234 2809 loci
1267 2775 1345 2809 mihi
1376 2778 1494 2821 copiam
1520 2778 1595 2810 fecit
1620 2777 1738 2810 amicus

402 2835 496 2867 huius
519 2834 696 2867 Academiae
722 2835 798 2867 civis
820 2846 879 2867 vau
904 2833 959 2867 der
982 2833 1107 2877 Weyde.
