2037 3619
877 369 930 410 75

264 509 401 566 Tyan.
419 503 536 548 LIV.
552 519 593 549 e.
611 504 676 549 16.
687 505 761 549 ubi
774 505 1008 565 Apollonio
1026 506 1331 566 interroganti:
1355 512 1381 563 ἠ
1395 506 1566 564 Ἑλένη,

257 580 291 627 ὦ
310 579 536 638 Ἀχιλλεῦ,
557 583 598 631 ἐς
617 582 772 639 Τροίαν
788 578 931 638 ἦλθεν,
946 586 974 638 ἤ
991 582 1152 639 Ὁμήρῳ
1168 583 1309 634 ἔδοξεν
1329 581 1568 626 ὑποθέσθαι

257 661 387 702 ταῦτα
392 672 411 710 ,·
460 655 642 699 Achilles
682 656 955 715 respondet}
987 656 1118 702 πολύν
1160 661 1306 715 χρόνον
1342 658 1564 715 ἐξηπατῶ-

258 737 449 790 μεθα·-
474 760 522 769 —
550 734 613 783 ὠς
650 734 703 778 ἐν
731 736 798 790 τῷ
830 731 966 788 Ἰλίῳ
998 736 1159 789 οὔσης.
1194 733 1259 788 ἥδ’
1290 734 1567 788 Αἴγυπτόν

260 825 303 851 τε
334 809 430 864 ᾤκει
459 810 529 851 καὶ
565 810 639 852 τὸν
672 808 923 865 Πρωτέως
955 804 1093 864 οἶκον,
1120 811 1376 865 άρπασθεῒσα
1393 811 1474 854 ὑπὸ
1492 815 1564 854 τοῦ

259 885 451 941 Πάριδος.
472 887 559 928 ἐπεὶ
579 884 624 927 δὲ
645 886 865 939 ἐπιστεύθη
887 889 1029 938 τοῦτο,
1060 887 1162 941 ὑπὲρ
1180 886 1305 939 αὐτῆς
1323 891 1393 940 τῆς
1412 887 1566 941 Τροίας

256 959 399 1005 λοιπὸν
433 962 695 1018 ἐμαχόμεθα,
730 962 787 1010 ὥς
809 962 864 1015 μὴ
897 961 1068 1018 αἷσχρῶς
1104 958 1357 1015 ἀπέλθωμεν
1391 958 1479 1019 (1);
1521 971 1565 1004 et

256 1036 332 1079 lib.
354 1035 449 1078 VH.
474 1050 544 1077 22.
571 1035 633 1092 (p.
657 1034 760 1077 302.
786 1033 878 1092 Ol.)
908 1058 964 1065 —
1001 1035 1111 1090 εἴπερ
1142 1038 1183 1084 ἐς
1209 1036 1484 1088 Αἴγυπτόν
1521 1052 1566 1078 τε

257 1109 361 1167 ἦλθε
392 1112 462 1155 καὶ
491 1110 709 1165 ὡμίλησε
742 1113 810 1165 τῷ
844 1113 1055 1165 Πρωτεῖ
1084 1108 1167 1168 (2),
1206 1127 1244 1153 κ.
1265 1128 1303 1153 τ.
1324 1109 1362 1152 λ.
1423 1108 1563 1152 Viden

256 1197 305 1229 ut
339 1184 587 1229 Herodotea
628 1185 674 1227 in
712 1199 830 1226 suam
867 1199 959 1226 rem
989 1183 1230 1227 adhibuerit
1256 1185 1559 1240 Philostratus,

259 1261 522 1323 singulasque
539 1275 667 1319 saepe
688 1260 939 1318 expresserit
958 1258 1216 1302 sententias?

317 1336 438 1379 Idem
465 1335 569 1378 fecit
593 1346 636 1378 et
662 1334 898 1377 accuratius
925 1349 1231 1393 nonnunquam
1252 1335 1381 1377 etiam
1401 1335 1565 1395 singula

260 1410 475 1454 Herodoti
511 1409 642 1452 verba
669 1407 857 1451 reddidit
883 1408 1104 1461 Libanius,
1139 1408 1254 1465 quod
1283 1409 1372 1466 ipse
1399 1409 1445 1450 in
1480 1409 1566 1451 fine

259 1484 543 1528 Praefationis
579 1481 715 1526 »haud
746 1482 936 1543 ingratus
965 1480 1185 1540 agnoscit''
1206 1480 1292 1540 (3),
1326 1483 1371 1525 in
1406 1481 1566 1540 Πζγεείε

263 1561 397 1617 λόγῳ
440 1562 779 1616 πρεσβευτικῷ
816 1560 936 1614 πρὸς
975 1560 1149 1613 Τρῶας
1178 1559 1301 1614 ὑπὲρ
1332 1558 1563 1614 ςΕλένης,

262 1651 388 1696 quam
414 1634 656 1677 orationem
681 1632 734 1675 ab
759 1631 908 1692 Ulysse
926 1631 1117 1674 habitam
1140 1631 1259 1692 fingit
1278 1631 1332 1675 ad
1354 1632 1564 1677 Helenam

260 1708 536 1768 repetendam
561 1706 641 1764 (4).
703 1705 769 1747 Ex
784 1705 878 1763 ipso
898 1703 1109 1746 Herodoti
1131 1705 1413 1747 Historiarum
1438 1706 1563 1749 initio

260 1792 497 1837 memorat,
530 1786 727 1823 »mutuos
761 1780 1042 1822 barbarorum
1075 1786 1117 1822 et
1149 1766 1408 1823 Graecorum
1441 1780 1567 1824 fuisse

261 1868 407 1918 raptus
420 1857 555 1910 Ionis,
566 1855 761 1913 Europae
771 1885 783 1908 ,
801 1851 1003 1896 Medeae”
1023 1859 1081 1912 (v.
1094 1868 1138 1912 p.
1158 1853 1259 1897 208.
1274 1852 1344 1897 ed.
1358 1853 1564 1913 Morell.);

264 1940 307 1976 et
329 1929 484 1974 deinde
505 1930 673 1988 Ulysses
700 1927 850 1969 iisdem
878 1938 1004 1984 atque
1024 1926 1270 1988 Herodotus
1291 1929 1422 1969 utitur
1447 1943 1567 1987 argu·

261 2006 440 2059 mentis;
481 2003 554 2046 ille
590 2000 785 2060 quidem,
828 2011 875 2042 ut
912 2000 1129 2055 Troianis,
1169 2000 1433 2043 reddendam
1477 2016 1566 2045 esse

262 2081 495 2133 Helenam,
529 2075 803 2138 persuadeat3
834 2075 907 2118 hic
943 2090 1045 2118 vero
1070 2085 1117 2118 ut
1146 2075 1323 2134 probet,
1356 2074 1565 2120 Troianos

263 2171 361 2199 eam
386 2155 513 2196 fuisse
544 2151 814 2205 reddituros,
848 2151 883 2192 si
911 2150 1169 2192 habuissent.
1234 2148 1442 2192 Attendas
1461 2165 1502 2193 v.
1524 2166 1563 2193 c.

263 2229 318 2274 ad
338 2230 445 2273 haec
470 2227 532 2287 (p.
555 2240 657 2270 220.
681 2225 758 2283 D.)
783 2230 858 2271 νῦν
875 2227 954 2282 γὰρ
987 2224 1097 2268 οὔτ’
1127 2223 1490 2282 Ἀλέξανδρος
1509 2249 1565 2257 —-

261 2307 403 2362 κρατεῖ
427 2304 511 2345 τῶν
534 2299 733 2355 ὑμετέρων
761 2302 1106 2355 πραγμάτων,
1139 2297 1248 2341 ἀλλὰ
1274 2299 1461 2355 Πρίαμος
1489 2301 1563 2343 αὐ-

263 2383 345 2431 τός.
374 2402 433 2409 —-
457 2378 608 2428 ζῶντος
637 2377 715 2431 μὲν
738 2375 807 2417 καὶ
837 2375 995 2422 ὄντος
1028 2376 1280 2430 Πριάμου
1310 2395 1367 2403 -
1397 2373 1566 2419 τελευ-

304 2543 352 2588 (1)
377 2536 484 2576 Paullo
505 2541 596 2574 aliter
625 2537 735 2571 Herod.
763 2538 804 2570 11.
831 2539 908 2571 118.
933 2535 969 2569 οἱ
991 2535 1034 2569 δὲ
1051 2534 1257 2579 ‘'El-hrum
1287 2536 1575 2579 καταγελᾶσθαι

259 2600 454 2637 δοκέοντες
475 2592 543 2630 ὑπ’
566 2595 688 2629 αὐτῶν
702 2619 712 2637 ,
737 2593 828 2627 οὕτω
849 2593 898 2636 δὴ
918 2591 1174 2637 ἐπολιόρκεον,
1196 2592 1231 2629 ἐς
1250 2591 1268 2624 ὃ
1283 2591 1435 2630 ἐξεῖλον·
1450 2592 1575 2628 ἑλοῦσι

260 2657 304 2694 δὲ
327 2657 371 2690 τὸ
392 2661 518 2699 τεῖχος
537 2674 585 2680 —-
604 2652 669 2686 οὐκ
693 2652 864 2691 ἐφαίνετο
888 2650 910 2693 ἡ
930 2648 1080 2692 Ἑλένη.

302 2717 349 2761 (2)
375 2716 407 2747 V.
433 2713 543 2746 Herod.
570 2714 609 2744 11.
636 2713 713 2743 112.
740 2727 787 2735 —-
806 2708 1009 2750 ἐδιαιτὴθη
1032 2702 1167 2749 εΕλεὲνη
1187 2705 1289 2751 παρὰ
1308 2705 1472 2754 Πρωτεῖ.

306 2775 353 2820 (3)
377 2774 411 2807 V.
436 2771 616 2815 wesseling.
638 2770 735 2802 Diss.
762 2767 882 2801 Herod.
906 2778 938 2810 p.
963 2766 1020 2798 47.

306 2832 353 2877 (4)
378 2828 568 2865 ἀπαιτέειν
592 2825 749 2870 Ἑλένην
772 2823 855 2869 apud
877 2821 1008 2862 flemd.;
1035 2833 1065 2855 v.
1089 2832 1181 2866 supra
1203 2834 1234 2865 p.
1260 2822 1315 2854 53.
