2037 3619
886 284 942 325 27

255 419 534 480 Autoleonte)
568 420 818 480 imperasse,
850 432 897 465 ut
926 422 1141 466 nuntiaret
1170 421 1442 474 stesichoro,
1475 423 1531 471 ὠς
1549 427 1573 476 η’

255 496 464 552 διαφθορὰ
491 497 578 542 τῶν
604 496 835 554 ὀφθαλμῶν
863 498 908 550 ἐξ
937 497 1111 555 Ἑλένης
1134 497 1298 553 γένοιτο
1322 495 1438 552 αὐτῷ
1456 497 1575 553 μηνί-

252 588 396 626 ματος.
484 560 732 631 Στησίχορός
779 576 857 629 μὲν
897 575 966 618 ἐπὶ
1014 579 1146 630 τούτῳ
1188 577 1266 628 τὴν
1308 571 1577 628 παλινῳδίαν

254 648 456 704 ἐποίησεν.
475 672 534 680 -
550 648 675 692 Hanc
694 647 971 691 traditionem
990 648 1199 691 reiecerat
1218 647 1413 690 Kleinius
1432 645 1496 707 (p.
1514 660 1571 704 91

255 732 299 765 et
331 721 426 781 97.)
457 722 706 783 »gentilium
736 723 895 782 quippe
928 721 1207 782 figmentum,
1239 736 1321 764 nec
1354 721 1441 765 alio
1466 735 1574 780 quo·

254 811 381 855 quam
403 808 507 841 teste
527 798 753 856 probatam
764 797 800 850 ,”
821 796 1046 864 sustulerat
1061 796 1312 840 Welckerus
1333 796 1396 855 (p.
1422 795 1570 855 273.),

254 872 413 916 abiecit
446 888 587 916 rursus
626 871 797 915 Geelius
825 870 888 931 (p.
927 871 988 931 7.)
1007 903 1020 927 ,
1055 887 1107 915 ex
1142 871 1233 931 ipsa
1261 871 1573 915 Recantatione

252 948 340 1006 peti
373 948 560 1006 potuisse
595 948 849 1005 ornarique,
884 945 1173 1001 contendens,
1207 946 1318 989 hanc
1346 946 1573 989 Crotonia-

257 1030 398 1063 tarum
415 1031 459 1064 et
479 1020 797 1063 Himerensium
818 1019 1023 1063 fabulam.
1043 1042 1101 1050 -—
1122 1017 1334 1078 Equidem
1358 1029 1403 1062 et
1421 1020 1574 1062 verita·

257 1095 309 1137 tis
331 1093 489 1153 aliquid
509 1096 645 1137 inesse
664 1094 765 1137 huic
788 1094 1022 1137 narrationi
1044 1094 1239 1136 existimo
1255 1124 1269 1149 ,
1302 1104 1346 1137 et
1365 1093 1574 1136 nonnulla

256 1183 355 1213 cum
371 1170 442 1225 iis,
459 1170 624 1228 quaein
642 1168 866 1212 Palinodia
883 1169 1089 1213 cecinerit
1107 1173 1250 1228 poeta,
1269 1169 1445 1212 confusa
1460 1184 1572 1224 esse,

253 1244 475 1303 suspicor-3
509 1243 628 1301 quod
658 1259 744 1302 quo
772 1243 904 1286 modo
933 1243 1026 1287 fieri
1061 1244 1275 1303 potuerit,
1306 1242 1482 1286 difficile
1509 1252 1574 1286 est

254 1315 400 1372 dictu,
429 1317 717 1375 suspicionem
746 1326 889 1359 tamen
918 1331 1058 1358 meam
1080 1331 1169 1358 non
1190 1316 1410 1358 reticebo:
1444 1314 1574 1358 Stesi—

254 1391 409 1434 chorus
440 1406 597 1450 quum,
632 1396 835 1450 vituperio
870 1391 1033 1450 scripto
1066 1390 1282 1445 Helenae,
1315 1389 1456 1432 subito
1484 1399 1575 1433 erat

254 1476 544 1519 occoecatus,
578 1463 741 1507 audivit
773 1480 827 1507 ex
861 1464 1150 1519 Autoleonte,
1180 1479 1235 1508 eo
1264 1464 1355 1507 fere
1379 1474 1575 1523 tempore

252 1555 306 1582 ex
326 1538 465 1581 Leuce
486 1536 624 1580 insula
645 1536 874 1594 redeunte,
896 1537 1108 1581 Helenam
1126 1538 1216 1581 illic
1240 1538 1325 1581 coli
1347 1538 1573 1597 Deamque

251 1612 423 1654 haberi:
456 1612 583 1665 hinc,
614 1611 720 1653 falsa
748 1626 839 1654 esse
863 1627 972 1669 quae
993 1623 1118 1654 antea
1138 1611 1194 1654 de
1213 1611 1379 1666 Helena
1398 1612 1570 1655 cecine-

253 1697 344 1742 rat,
376 1686 457 1729 sibi
486 1684 693 1746 persuasit
717 1689 870 1745 poeta:
901 1685 1004 1729 hinc
1024 1686 1223 1729 incitatus
1243 1696 1328 1742 est,
1360 1696 1408 1729 ut
1428 1685 1572 1730 Palin-

250 1760 397 1805 odiam
434 1767 748 1820 componeret,
797 1774 881 1818 qua
915 1760 1271 1805 occoecationem
1305 1776 1450 1816 suam,
1483 1760 1572 1804 sive

250 1834 448 1880 credulus
474 1836 592 1895 ipse,
623 1835 712 1879 sive
735 1833 899 1895 fingens
924 1834 1253 1892 tantummodo,
1283 1834 1478 1878 Helenae
1495 1835 1571 1878 im-

250 1921 402 1971 putans
430 1911 589 1964 iratae‚
622 1920 667 1952 et
696 1910 895 1970 precibus
916 1910 1052 1953 Deam
1074 1908 1231 1964 adiret,
1264 1921 1309 1953 et
1326 1917 1570 1954 recantaret

251 2001 359 2045 quae
391 1986 437 2028 in
467 2001 562 2029 eam
599 1984 891 2029 cumulaverat
920 1985 1144 2045 vituperia.
1207 1982 1411 2040 Addidit,
1451 1983 1570 2043 quod

250 2076 351 2105 suae
379 2076 530 2104 causae
553 2061 598 2103 in
620 2060 769 2120 primis
791 2071 882 2104 erat
903 2071 1072 2119 aptum,
1106 2059 1316 2103 Helenam
1333 2066 1432 2119 post
1453 2074 1568 2102 mor·

250 2128 346 2178 tem=
373 2135 512 2179 Deam
543 2134 703 2178 factam
737 2135 784 2179 in
814 2134 955 2178 Leuce
983 2133 1142 2177 insula:
1177 2144 1306 2192 atque
1323 2134 1410 2177 hoc
1429 2134 1569 2193 ipsum

247 2209 556 2253 Autoleontem
576 2209 658 2252 sibi
670 2210 905 2265 nuntiasse,
937 2207 1099 2252 addere
1120 2209 1277 2268 potuit.
1291 2233 1350 2241 —-
1372 2208 1471 2251 Hoc
1493 2224 1569 2252 va·

247 2284 413 2326 riarunt
443 2283 738 2339 Himerenses,
768 2284 827 2326 ita
853 2294 901 2325 ut
930 2293 1174 2338 narrarent,
1206 2282 1416 2326 Helenam
1436 2283 1570 2342 impe-

248 2373 361 2401 rasse
383 2358 635 2401 Autoleonti
648 2390 661 2413 ,
695 2370 743 2401 ut
761 2358 1052 2401 Stesichorum
1077 2357 1306 2400 certiorem
1327 2357 1491 2400 faceret
1509 2357 1567 2401 de

249 2447 375 2475 causa
408 2432 644 2484 caecitatis,
685 2432 787 2492 quin
819 2432 950 2475 etiam
982 2441 1029 2474 ut
1061 2430 1308 2474 hortaretur
1343 2446 1466 2487 eum,
1509 2430 1567 2475 ad

247 2507 595 2551 Recantationem
645 2505 1006 2567 componendam.
1051 2530 1114 2541 —
1157 2504 1282 2549 Hanc
1329 2505 1568 2550 similemve

249 2582 460 2643 originem
478 2597 569 2626 esse
583 2582 783 2627 existimo
804 2582 926 2625 huius
939 2581 1253 2626 Himerensium
1276 2592 1320 2625 et
1340 2581 1569 2626 Crotonia-

250 2669 390 2702 tarum
407 2656 598 2703 fabulae.
660 2658 812 2718 Neque
839 2657 939 2701 huic
958 2672 1081 2701 meae
1100 2656 1374 2700 coniecturae
1394 2656 1567 2700 obstare

250 2744 357 2793 puto
391 2732 707 2790 difficultatem,
738 2748 869 2794 quam
903 2732 956 2777 de
988 2736 1134 2777 aetate
1161 2730 1395 2776 Stesichori
1430 2733 1567 2785 movit
