2037 3619
924 361 982 405 49

306 500 672 561 Clytaemnestrae
696 499 892 544 habuerit
918 500 1152 560 Aeschylus
1177 501 1221 543 in
1248 500 1508 560 Chob‘plae'oris
1536 499 1624 560 (1),

305 574 558 621 Herodotea
576 575 798 620 obversata
816 591 907 620 esse
925 575 1153 637 Sophocli,
1179 575 1445 620 contendere
1465 574 1619 619 nolim.

304 649 492 695 Aliunde
512 651 625 695 enim
648 653 777 696 etiam
797 653 909 696 hanc
930 652 986 701 ab
1012 652 1227 711 Aeschylo
1253 651 1463 696 diversam
1486 651 1619 695 tradi-

308 728 472 769 tionem
487 741 652 771 sumere
670 727 812 787 potuit
828 727 983 782 Poeta,
997 725 1068 770 vel
1084 726 1175 786 ipse
1191 726 1373 787 fingere,
1388 728 1621 771 immemor

306 800 397 843 loci
419 801 677 846 Herodotei:
711 802 830 845 cuius
851 801 982 845 verba
1003 801 1045 844 ei
1066 810 1168 844 ante
1189 801 1338 845 oculos
1363 801 1494 845 fuisse
1509 835 1521 855 ‚
1555 801 1620 846 sic

308 874 479 920 demum
501 887 748 938 appareret,
770 877 806 920 si
826 892 880 921 ex
900 877 1019 921 omni
1039 887 1162 936 parte
1175 891 1229 920 ea
1246 878 1507 937 expressissit
1523 910 1537 933 ,
1571 889 1617 921 et

304 953 350 996 ἐκ
377 955 463 999 τῶν
494 953 687 1007 αἰδοίων,
720 962 769 995 ut
796 951 892 1008 ille,
923 962 1097 996 enatam
1127 966 1219 995 esse
1246 952 1458 1012 virgulam
1486 950 1612 996 dixis·

304 1034 393 1083 set,
424 1043 508 1087 qua
529 1037 622 1071 tota
642 1027 979 1087 Mycenaeorum
1001 1026 1338 1070 obumbraretur
1356 1037 1488 1072 terra.

366 1100 516 1144 Redeo
546 1099 604 1144 ad
625 1115 742 1144 rem:
774 1099 821 1143 id
843 1115 945 1144 sane
967 1099 1130 1159 liquet,
1159 1099 1423 1160 Sophoclem
1450 1102 1498 1144 in
1523 1105 1620 1145 Aa·

306 1180 448 1235 tigone
472 1176 684 1219 imitatum
714 1190 805 1218 esse
836 1173 1088 1230 Herodotea
1106 1207 1120 1231 ,
1169 1173 1243 1218 diu
1278 1186 1377 1219 ante
1409 1176 1620 1221 Helenam

305 1250 518 1310 Euripidis
537 1261 701 1306 actam,
736 1260 932 1309 apertum
952 1250 1084 1309 igitur
1100 1257 1164 1293 est
1184 1282 1198 1304 ,
1232 1266 1321 1293 non
1344 1250 1620 1295 Herodotum

305 1340 359 1368 ex
381 1323 584 1385 Euripide
597 1356 610 1380 ,
638 1323 715 1367 sed
733 1323 983 1383 Euripidem
1004 1339 1059 1367 ex
1076 1323 1304 1368 Herodoto
1333 1323 1390 1368 ad
1410 1324 1619 1369 Fabulam

303 1414 424 1443 suam
444 1396 734 1443 exornandam
755 1396 931 1440 haurire
953 1397 1159 1456 potuisse.

361 1477 385 1529 g
414 1475 457 1526 4.
520 1471 733 1515 Herodoti
765 1477 909 1514 autem
942 1471 1134 1514 narratio
1162 1471 1248 1515 huc
1277 1471 1369 1516 fere
1396 1472 1511 1517 redit
1539 1474 1614 1534 (ll.

311 1564 330 1592 1
342 1546 559 1606 12—120)
578 1561 589 1589 :
611 1545 805 1605 Memphi
822 1559 912 1608 esse
927 1544 1093 1601 τέμενος
1110 1543 1260 1588 Protei
1278 1547 1389 1606 regis
1410 1547 1618 1608 Aegypti,

305 1624 352 1666 in
380 1638 465 1681 quo
497 1623 552 1664 sit
586 1623 697 1680 ἱρὸν,
736 1619 853 1679 quod
888 1619 1128 1679 appelletur
1151 1620 1303 1677 Ξείνης
1329 1621 1615 1681 ’Λφροδίτηςς

312 1697 506 1753 conieci,
535 1696 674 1755 inquit
691 1727 705 1751 ,
739 1695 823 1738 hoc
847 1709 937 1738 esse
956 1692 1146 1737 Helenae
1163 1693 1377 1754 Tyndarei
1400 1696 1538 1754 filiae,
1572 1710 1618 1743 et

307 1788 361 1816 ex
389 1772 483 1832 ipsa
512 1770 825 1831 appellatione,
856 1775 901 1812 et
928 1770 1002 1814 τὸν
1031 1768 1156 1823 λόγον
1181 1771 1366 1828 ἀκηκοὼς
1393 1775 1449 1823 ὥς
1479 1774 1616 1819 iom-

307 1853 418 1905 τήθη
446 1847 600 1903 Ἑλένη
626 1849 739 1903 παρὰ
769 1843 947 1902 Πρωτέΐ.
1009 1844 1253 1887 Sciscitanti
1290 1848 1405 1889 enim
1442 1848 1524 1907 ipsi
1561 1849 1617 1894 de

306 1922 475 1966 Helena
512 1919 755 1965 sacerdotes
784 1929 1036 1974 narrarunt,
1082 1917 1300 1977 Paridem,
1332 1936 1463 1980 quum
1495 1925 1619 1982 rapta

308 1998 474 2040 Helena
494 1995 671 2037 domum
692 1993 872 2048 rediret,
895 1999 1146 2051 tempestate
1166 1993 1211 2035 in
1231 1994 1474 2053 Aegyptum
1491 1996 1619 2040 fuisse

308 2071 521 2115 deiectum
555 2068 610 2112 ad
646 2068 805 2112 ostium
843 2067 931 2110 Nili
965 2068 1231 2126 Canopicum
1250 2082 1262 2110 ε
1301 2069 1364 2111 ibi
1398 2070 1615 2114 ministros

306 2145 395 2189 eius
418 2142 630 2204 supplices
651 2143 696 2186 in
717 2140 926 2202 templum
945 2140 1142 2185 Herculis
1163 2140 1402 2202 confugisse
1420 2154 1465 2187 et
1481 2160 1618 2189 sacer·

307 2219 479 2262 dotibus
515 2218 710 2276 illiusque
739 2218 837 2260 ostii
865 2216 1090 2276 praefecto
1112 2217 1256 2260 Thoni
1278 2233 1451 2261 omnem
1474 2235 1619 2263 narra·

306 2294 414 2337 visse
442 2307 559 2345 rem,
594 2306 680 2350 quo
701 2288 835 2333 modo
856 2305 946 2332 sese
966 2289 1144 2332 haberet
1158 2321 1170 2343 ,
1206 2288 1261 2332 de
1284 2289 1453 2334 Helena
1473 2291 1615 2351 deque

310 2366 463 2410 iniuria
484 2365 685 2408 Menelao
706 2364 834 2406 facta.
874 2362 1039 2416 Quibus
1056 2361 1209 2404 auditis
1222 2393 1235 2417 ,
1252 2363 1423 2406 Thonin
1441 2366 1532 2408 eius
1550 2369 1614 2410 rei

308 2442 535 2486 certiorem
557 2439 707 2483 fecisse
725 2438 957 2481 Proteum:
991 2437 1104 2479 hunc
1126 2452 1275 2480 omnes
1300 2437 1356 2480 ad
1384 2454 1430 2482 se
1458 2439 1616 2485 adduci

308 2517 472 2561 iussisse
486 2547 499 2572 ,
530 2525 574 2558 et
588 2546 601 2570 ,
634 2529 682 2557 re
704 2512 875 2575 cognita
890 2543 904 2568 ,
936 2510 1081 2555 Paridi
1101 2511 1273 2571 quidem
1290 2513 1402 2557 intra
1423 2514 1614 2565 triduum

307 2592 546 2651 relinquere
567 2590 812 2649 Aegyptum
832 2588 1087 2647 imperasse,
1121 2587 1332 2632 Helenam
1362 2605 1467 2633 vero
1490 2606 1616 2651 opes·

352 2734 398 2780 (1)
425 2734 719 2779 »Clytaemnestram
744 2730 807 2763 sibi
826 2730 922 2762 visam
943 2740 1005 2760 esse
1029 2728 1192 2761 draconem
1219 2739 1326 2772 parere
1341 2753 1351 2770 ,
1383 2731 1442 2774 qui
1474 2731 1628 2766 uberibus

304 2792 446 2827 admotus
466 2804 528 2825 una
545 2802 615 2824 cum
636 2789 716 2823 lacte
737 2800 881 2834 grumum
898 2786 1032 2822 concreti
1044 2787 1203 2832 sanguinis
1225 2786 1405 2822 educeret.”
1436 2801 1466 2822 v.
1478 2790 1625 2826 wem-ik,

307 2851 348 2883 de
369 2851 488 2884 Aesch.
513 2849 654 2892 Choeph.
678 2859 711 2892 p.
731 2847 810 2879 10⁰.
1455 2897 1482 2946 4
