2037 3619
966 301 1021 341 25

338 440 508 484 stiam.’'
567 437 680 480 Illud
703 439 901 498 probavit
934 437 1186 482 Welckerus
1217 437 1279 498 (in
1302 437 1435 481 Jalm.
1466 441 1584 481 Anu.
1605 438 1653 484 ll.

337 532 383 576 p.
411 511 559 583 360.)‚
585 513 670 558 hoc
690 512 859 559 Geelius
874 513 937 575 (in
957 514 1073 560 Mus,
1096 513 1176 560 Rh.
1199 513 1246 559 ll.
1270 530 1314 574 p.
1338 513 1410 575 7);
1442 513 1535 576 ipse
1550 529 1656 574 quo-

340 605 423 649 que
449 590 535 632 hoc
563 590 845 651 fragmentum
880 589 934 633 ad
970 590 1185 633 Orestiam
1216 591 1361 651 potius
1382 588 1656 633 referendum

338 680 429 708 esse
461 676 585 724 puto:
618 667 811 710 continet
838 666 954 709 enim
979 680 1070 707 non
1093 675 1259 708 tantum
1281 665 1472 710 Helenae
1487 662 1671 725 vitupe?

337 740 472 796 rium,
504 739 578 784 sed
608 741 737 785 etiam
766 740 1131 801 Clytaemnestrae
1144 771 1157 795 ,
1191 754 1299 799 quae
1326 740 1372 783 in
1399 741 1555 784 Troiae
1574 755 1654 784 ex·

337 815 450 878 cidio
480 830 566 858 non
588 826 758 875 poterat
787 814 874 857 dici
903 815 1098 887 δίγξκμος,
1131 816 1177 857 in
1204 814 1378 858 Orestia
1406 831 1510 858 vero
1532 816 1654 859 locus

338 901 432 934 erat
450 890 585 951 ipsam
608 887 966 951 reprehendendi.

367 966 486 1026 Ipsos
515 960 643 1027 igitur
671 966 748 1008 hos
776 950 920 1008 versus
942 979 995 1008 ex
1015 963 1247 1008 Stesichori
1273 962 1447 1009 Orestia
1468 966 1512 1010 in
1533 980 1652 1009 suam

341 1042 532 1085 Orestem
554 1040 770 1084 transtulit
790 1038 1040 1099 Euripides,
1073 1055 1137 1084 VS.
1173 1038 1274 1093 243.

500 1161 694 1212 ἐπίσημον
722 1160 830 1199 ἔτεκε
859 1161 1084 1212 Τυνδάρεως
1113 1164 1171 1203 εἰς
1200 1162 1268 1200 τὸν
1298 1162 1420 1214 ψόγον

500 1231 610 1282 γένος
636 1230 880 1283 θυγατέρων,
911 1230 1092 1272 δυςκλεὲς
1120 1227 1155 1267 τ’
1181 1229 1242 1271 ἀν’
1271 1231 1457 1270 Ἐλλάδα.

336 1357 379 1389 et
400 1360 460 1389 vs.
483 1344 586 1389 533.
609 1345 683 1387 ubi
705 1345 798 1404 ipse
820 1343 1071 1403 Tyndareus
1092 1344 1349 1388 confitetur:

498 1455 583 1509 ἐγὼ
610 1452 654 1494 δὲ
682 1453 806 1493 τᾶλλα
830 1456 1025 1508 μακάριος
1054 1455 1197 1504 πέφυκ’
1222 1455 1338 1508 οἷνήρ,

494 1527 593 1575 πλήν
620 1530 678 1569 εἰς
706 1527 939 1578 θυγατέρας·
967 1530 1086 1565 τοῦτο
1112 1526 1152 1564 δ’
1174 1528 1246 1565 οὐκ
1273 1528 1509 1577 εὐδαιμονῶ.

336 1629 401 1674 cf.
434 1645 494 1675 vs.
533 1646 549 1673 ι
559 1630 660 1688 298.
676 1644 688 1673 ε

786 1691 858 1728 τάν
888 1692 1156 1742 λειποπάτορα
1169 1719 1181 1740 ,

788 1761 1028 1813 λειπόγαμον
1050 1782 1106 1791 -

394 1863 509 1908 Hinc
541 1863 646 1907 mihi
666 1864 753 1908 iam
770 1864 860 1908 veri
880 1864 1019 1907 simile
1043 1863 1117 1919 fit,
1149 1865 1317 1924 saepius
1337 1865 1585 1926 Euripidem
1605 1869 1650 1911 in

337 1942 489 1984 Oreste
526 1940 758 1982 Stesichori
795 1939 1009 1982 Orestiam
1043 1949 1142 1982 ante
1175 1939 1327 1981 oculos
1357 1941 1571 1995 habuisse,
1606 1953 1651 1985 et

331 2015 456 2075 plura
486 2014 666 2057 fortasse
699 2014 829 2057 etiam
872 2013 1063 2057 Helenae
1098 2013 1318 2069 convicia,
1362 2015 1516 2073 quibus
1545 2016 1652 2060 haec

336 2089 481 2133 fabula
502 2104 606 2149 prae
626 2089 806 2132 caeteris
827 2087 1037 2143 abundat,
1063 2104 1118 2132 ex
1143 2088 1314 2132 Orestia
1330 2089 1532 2135 hausisse.

399 2165 551 2223 Itaque
581 2178 670 2206 non
703 2175 869 2206 tantum
905 2165 950 2206 in
981 2164 1138 2206 Troiae
1166 2164 1337 2207 excidio
1360 2163 1652 2208 Stesichorum

335 2239 641 2283 calumniatum
673 2253 763 2281 esse
790 2238 1021 2293 Helenam,
1051 2239 1259 2294 arbitror,
1289 2254 1440 2283 verum
1459 2240 1589 2283 etiam
1607 2241 1653 2284 in

338 2313 527 2356 Orestia.
590 2311 707 2365 Quid
753 2312 869 2370 quod
902 2312 1099 2355 universe
1131 2313 1174 2354 in
1212 2313 1448 2371 prioribus,
1498 2314 1653 2371 quibus

333 2385 507 2446 quidem
535 2384 589 2428 de
617 2384 783 2428 Helena
810 2400 953 2429 sermo
974 2384 1126 2441 fuerit,
1160 2385 1422 2429 carminibus
1442 2390 1573 2445 poeta
1593 2388 1654 2431 vi-

333 2461 550 2519 tuperium
578 2461 625 2502 in
647 2475 743 2502 eam
764 2459 991 2518 prodidit?
1050 2459 1187 2515 Vide,
1220 2475 1274 2502 an
1294 2461 1356 2502 sie
1376 2460 1656 2520 intelligenda

336 2534 513 2579 fortasse
548 2534 634 2577 sint
661 2533 792 2577 verba
818 2532 893 2577 illa
921 2533 1161 2591 Isocratea,
1192 2548 1320 2594 supra
1349 2532 1547 2580 laudata:
1587 2537 1656 2582 ὅτε

335 2613 415 2668 μὲν
444 2613 524 2667 γὰρ
552 2611 860 2668 ἀρχόμενος
888 2615 980 2666 τῆς
1009 2611 1149 2668 ᾠδῆς
1179 2610 1462 2669 ἐβλασφήμησέ
1495 2629 1536 2655 τι
1564 2616 1659 2670 περὶ

331 2687 480 2742 abtim
514 2684 666 2744 quibus
703 2684 738 2728 si
769 2684 1056 2747 significatur,
1089 2690 1213 2728 initio
1247 2685 1383 2729 studii
1408 2688 1569 2746 poe'tici
1593 2688 1657 2732 vi·

335 2761 594 2822 tuperavisse
624 2758 918 2812 Stesichorum
933 2788 948 2818 ,
988 2760 1185 2807 universe
1221 2758 1277 2805 de
1308 2759 1531 2820 prioribus
1567 2761 1656 2808 hoc
