2037 3619
1031 385 1087 427 30

391 523 455 564 nis
468 522 548 582 (1):
570 519 801 579 Ἀρχέλαος
816 518 859 563 δὲ
869 521 1085 576 όΚύπριος
1093 522 1349 577 Στησιχόρου
1356 524 1453 578 φησὶ
1466 525 1536 566 τοῦ
1548 526 1715 578 ποιητοῦ

391 597 570 652 “Ελένην
592 594 803 649 ςΙμ«ιεραιίκν
823 594 1029 650 ἐρωμένην
1048 593 1245 647 γενέσθαι
1267 599 1471 640 Μικύθου
1491 597 1719 654 θυγατέρα·

389 674 623 716 ἀποστᾶσαν
654 670 699 712 δὲ
728 673 983 727 Στησιχόρου
1017 671 1087 712 καὶ
1113 671 1212 723 πρὸς
1241 670 1473 715 Βούπαλον
1504 677 1718 730 πορευθεῖ·

385 762 462 790 σαν
490 747 750 800 ἀμυνόμενον
775 750 847 800 τῆς
878 745 1107 802 ὑπεροψίας
1135 747 1208 789 τὸν
1238 750 1416 801 ποιητὴν
1445 751 1631 803 γράψαι,
1662 751 1718 799 ὥς

382 820 563 876 Ἑλένη
593 824 781 864 ἑκοῦσα
811 821 986 877 οἷπῇρε·
1018 820 1153 875 ψευδῆ
1183 821 1228 863 δὲ
1258 822 1333 882 adv
1359 822 1451 876 περὶ
1482 828 1554 876 τῆς
1583 827 1719 880 πηρώ.

381 912 479 947 σεως
524 891 632 940 εἶναι
673 896 813 950 λόγον.
883 893 1052 949 Quibus
1089 895 1235 939 verbis
1273 894 1514 956 significare
1550 897 1720 942 videtur

381 971 643 1027 Archelaus,
675 970 1018 1024 »Stesichorum
1043 980 1091 1013 ut
1118 970 1398 1014 ulcisceretur
1415 970 1479 1030 (2)
1505 971 1718 1016 Helenam

381 1047 566 1092 amicam
586 1061 703 1089 suam
718 1078 729 1100 ,
755 1055 987 1104 propterea
1010 1043 1127 1102 quod
1143 1045 1285 1104 ipsum
1307 1044 1545 1104 neglexerit
1568 1045 1719 1089 alium-

381 1135 465 1178 que
498 1118 781 1174 adamaverit,
817 1120 863 1161 in
902 1119 991 1161 eius
1023 1119 1282 1178 vituperium
1317 1119 1556 1179 scripsisse:
1590 1120 1716 1163 Hele-

380 1209 480 1238 nam
502 1210 582 1237 sua
608 1203 758 1253 sponte
794 1192 993 1237 abiisse.”
1054 1192 1232 1236 Nullum
1266 1208 1372 1236 vero
1400 1193 1487 1237 hoc
1517 1205 1582 1238 est
1608 1195 1719 1238 vitu-

379 1269 576 1329 perium,
612 1267 765 1327 quodsi
799 1267 854 1310 ad
884 1267 1121 1310 Stesichori
1156 1269 1339 1311 amicam
1361 1269 1470 1311 haec
1493 1269 1625 1312 verba
1648 1285 1717 1313 re·

380 1343 601 1397 feruntur,
649 1341 703 1384 de
744 1341 903 1384 Troica
942 1352 1095 1384 contra
1138 1341 1306 1385 Helena
1337 1348 1457 1385 recte
1485 1342 1711 1398 dicuntur,

379 1417 595 1478 ipsiusque
619 1418 867 1475 κακηγορίας
888 1427 1055 1476 partem
1083 1414 1283 1459 videntur
1309 1417 1548 1462 continere.
1599 1417 1715 1461 Male

379 1492 511 1551 igitur
542 1507 616 1545 ea,
652 1507 761 1550 quae
790 1490 1017 1534 manifesto
1048 1490 1103 1534 ad
1125 1491 1338 1534 Helenam
1360 1492 1562 1535 Troicam
1581 1494 1714 1552 perti·

380 1578 510 1622 nent,
542 1565 597 1609 ad
621 1566 859 1609 Stesichori
890 1566 1073 1608 amicam
1108 1566 1323 1608 transtulit
1352 1566 1611 1621 Archelaus,
1641 1577 1710 1622 et,

378 1657 457 1685 suo
486 1657 531 1685 se
563 1640 709 1702 gladio
740 1641 959 1701 iugulans,
996 1641 1221 1699 probavit,
1253 1656 1300 1684 re
1322 1656 1423 1684 vera
1442 1641 1488 1683 in
1512 1641 1715 1684 Troicam

381 1716 596 1759 Helenam
637 1716 897 1775 vituperium
943 1715 1160 1773 scripsisse
1199 1714 1515 1769 Stesichorum,
1562 1715 1713 1758 falsam

381 1801 525 1832 autem
555 1805 644 1833 esse
677 1804 797 1832 suam
830 1788 885 1831 de
914 1788 1148 1831 Stesichori
1183 1789 1321 1831 amica
1358 1788 1653 1845 historiolam,
1687 1804 1713 1832 a

378 1879 531 1923 seque,
561 1875 611 1907 ut
643 1863 840 1918 videtur,
872 1864 1180 1923 excogitatam.

441 1940 571 1981 Hanc
592 1953 696 1981 vero
713 1938 969 1981 narrationis
992 1937 1283 1980 diversitatem
1301 1936 1416 1981 forte
1430 1939 1490 1981 ita
1507 1940 1713 1999 componi

378 2030 527 2074 posse,
551 2026 675 2074 putat
691 2013 1035 2057 Mitscherlichus
1057 2013 1238 2072 Argum.
1264 2011 1318 2055 ad
1341 2013 1492 2057 Horat.
1518 2013 1661 2058 Carm.
1676 2014 1711 2057 I.

386 2088 463 2142 16,
497 2098 571 2130 »ut
601 2088 894 2130 Stesichorum
924 2086 1025 2129 dum
1064 2086 1251 2145 puellam
1292 2086 1481 2130 Siculam
1521 2087 1711 2131 carmine

385 2163 469 2205 isto
506 2160 787 2221 proscindere
823 2161 869 2202 in
908 2161 1052 2203 animo
1090 2161 1294 2216 haberet,
1336 2167 1476 2203 totam
1514 2161 1715 2204 carminis

384 2237 598 2280 rationem
623 2236 679 2279 ad
704 2246 976 2296 personatam
1006 2234 1124 2278 illam
1153 2235 1388 2292 Helenam,
1420 2251 1529 2295 quae
1556 2234 1713 2280 eodem

385 2310 595 2371 perfidiae
618 2311 797 2354 crimine
819 2320 1063 2361 teneretur,
1095 2310 1408 2370 adtemperasse
1428 2322 1556 2369 atque
1576 2322 1713 2354 trans·

386 2386 554 2442 tulisse,
588 2384 786 2446 adeoque
816 2386 896 2430 sub
925 2386 1050 2429 huius
1078 2386 1257 2430 nomine
1288 2385 1462 2430 alterius
1486 2385 1713 2447 perfidiam

426 2612 475 2657 (1)
500 2612 569 2645 Lib.
605 2614 655 2646 IV.
690 2625 723 2658 p.
757 2615 815 2647 65.
849 2614 898 2647 ed.
921 2614 1094 2657 Teucher.,
1133 2625 1165 2659 p.
1190 2616 1249 2647 25.
1272 2614 1321 2648 ed.
1347 2615 1474 2649 Roulez.
1497 2626 1590 2662 quem
1613 2617 1657 2650 cs.
1681 2616 1715 2650 in

380 2670 484 2702 adnot.
508 2682 541 2714 p.
557 2672 645 2711 100,
669 2682 719 2714 ap.
747 2671 832 2703 Phot.
857 2673 948 2705 Bam.
974 2673 1099 2716 p.149.
1124 2670 1174 2703 ed.
1196 2671 1330 2704 Bekker.
1353 2672 1476 2717 (fragm.
1496 2672 1711 2717 96.Klein.);

382 2737 412 2759 v.
437 2737 528 2772 supra
552 2739 585 2771 p,
610 2730 655 2760 22
680 2727 753 2760 diss.
777 2739 819 2760 m.

431 2784 478 2828 (2)
502 2785 618 2819 Dubito
652 2794 775 2827 tamen,
811 2797 888 2819 num
920 2793 1002 2819 recte
1035 2785 1160 2818 dicatur
1195 2783 1407 2828 ἀμύνεσθαί
1429 2787 1513 2822 τινά
1540 2798 1640 2825 τινος
1659 2799 1713 2832 pro

379 2842 473 2885 περί
497 2853 616 2882 τινος,
641 2843 752 2875 ulcisci
775 2843 910 2886 aliquem
934 2844 1069 2876 alicuius
1092 2844 1138 2876 rei
1163 2854 1262 2875 causa.
