2037 3619
1022 309 1077 348 24

398 448 450 489 ln
469 446 695 489 Graeciam
720 458 821 487 vero
843 457 1056 496 reversus»,
1091 454 1139 485 ut
1160 455 1339 502 apparet
1359 461 1413 487 ex
1431 446 1521 505 ipsa
1545 445 1709 504 Euripi·
1773 432 1776 435 ⁴

403 521 469 565 dis
493 521 643 566 Oreste
662 534 723 562 vs.
751 516 848 576 57.,
880 515 1103 559 Menelaus

538 639 717 687 Ἑλένην,
748 639 924 686 φυλάξας
949 642 1091 682 νύκτα,
1122 638 1177 688 μή
1204 653 1266 681 τις
1288 640 1446 682 εἶςιδὼν

529 707 623 757 μεθ’
658 707 802 759 ἡμέραν
829 712 1081 757 στείχουσαν,
1110 701 1161 746 ὧν
1188 703 1253 747 ὑπ’
1280 710 1390 761 Ἰλίῳ

530 777 672 820 παῖδες
695 778 901 820 τεθνᾶσιν,
932 777 983 820 ἐς
1012 777 1213 830 πέτρων
1243 777 1376 830 ἔλθῃ
1404 778 1587 828 βολάς,

528 847 787 897 προῦπεμψεν
812 867 866 874 --

400 974 443 1008 et
465 967 558 1025 ipsa
580 965 747 1008 Helena
769 965 846 1023 (vs.
873 966 993 1024 102.)

519 1086 705 1130 δέδοικα,
736 1085 891 1138 inquit,
919 1087 1088 1138 πατέρας
1114 1089 1189 1125 τῶν
1219 1087 1285 1125 ὑπ’
1303 1087 1414 1140 Ἰλίῳ
1437 1091 1598 1139 νεκρῶν.

401 1189 626 1249 Lapidatio
654 1190 787 1251 igitur
813 1205 902 1234 non
929 1191 1090 1234 Troiae
1110 1193 1295 1234 versanti
1316 1192 1568 1235 imminebat
1588 1194 1716 1237 Hele·

397 1279 503 1320 nae,
535 1263 612 1308 sed
632 1264 677 1308 in
700 1264 933 1308 Graeciam
959 1280 1179 1321 reversae,
1211 1265 1445 1309 secundum
1470 1266 1718 1327 Euripidem

398 1341 445 1384 in
479 1341 660 1396 Oreste;
698 1351 827 1399 atque
852 1341 940 1383 hoc
976 1342 1116 1400 ipsum
1151 1356 1205 1383 ex
1249 1341 1496 1385 Stesichoro
1534 1343 1719 1387 hausisse

400 1431 500 1459 eum
519 1416 728 1470 arbitror,
758 1415 819 1457 ita
840 1424 888 1458 ut
910 1414 1199 1475 fragmentum
1223 1414 1330 1458 illud
1354 1431 1441 1458 non
1463 1415 1518 1459 ad
1546 1417 1721 1476 Iliuper·

400 1496 470 1533 sin
491 1489 763 1534 referendum
785 1491 863 1545 sit,
896 1488 973 1533 sed
1004 1489 1061 1532 ad
1093 1490 1325 1534 Orestiam.
1389 1491 1557 1550 Itaque,
1590 1493 1722 1553 ipsius

399 1566 503 1607 licet
530 1555 700 1607 laudata
730 1565 861 1607 fuerit
887 1564 1193 1623 pulchritudo,
1228 1565 1273 1607 in
1295 1565 1552 1625 vituperium
1574 1577 1719 1610 tamen

399 1639 592 1683 Helenae
619 1640 653 1682 si
680 1638 844 1682 dictum
879 1649 944 1682 est
963 1637 1153 1681 Graecos
1183 1654 1342 1698 poenas
1363 1639 1418 1682 ab
1450 1655 1500 1682 ea
1523 1651 1719 1700 repetere

399 1715 582 1758 voluisse
598 1746 611 1770 ‚
649 1715 696 1757 in
735 1714 910 1757 Orestia
937 1713 1025 1756 hoc
1058 1718 1306 1773 vituperium
1334 1713 1560 1773 protulisse
1601 1715 1726 1759 Stesi-

401 1791 582 1834 chorum
600 1822 613 1845 ‚
649 1789 880 1833 verisimile
902 1789 999 1834 erit.

437 1865 477 1910 5.
539 1865 699 1908 Nobile
741 1872 962 1924 praeterea
1004 1875 1068 1907 est
1107 1864 1391 1924 fragmentum
1427 1864 1565 1923 (74),
1609 1865 1724 1923 quod

403 1941 651 1989 manifesto,
672 1941 716 1982 in
757 1940 1014 1998 vituperium
1051 1939 1244 1982 Helenae
1279 1939 1443 1982 dictum
1478 1943 1567 1991 est,
1608 1939 1724 1998 apud

404 2012 589 2056 eundem
625 2011 855 2055 Scholiast.
893 2010 947 2055 ad
969 2012 1072 2055 Eur.
1102 2011 1245 2055 Orest.
1268 2027 1329 2056 vs.
1363 2011 1494 2068 243„
1528 2011 1642 2071 quod
1665 2013 1728 2056 sic

406 2086 628 2131 constituit
647 2085 865 2128 Kleinius:

703 2217 854 2256 Ofivsua
883 2217 1109 2267 Τυνδάρεως
1136 2218 1180 2269 ῥὲ
1199 2238 1234 2245 -

458 2290 479 2331 ζ
482 2304 532 2327 ων
559 2289 685 2326 ἅπασι
713 2289 855 2325 θεοῖσι
883 2290 979 2336 μιᾶς
1008 2288 1149 2325 λάθετ’
1176 2286 1400 2339 ἢπιοδώρου

547 2357 755 2408 Κύπριδος
766 2385 776 2399 ,
803 2360 916 2393 κείνα
939 2357 987 2403 δή
1010 2356 1215 2406 Τυνδάρεω
1239 2359 1310 2394 κού
1327 2376 1365 2384 -

462 2441 530 2479 ρας
558 2426 818 2477 χολωσαμένα
845 2426 1102 2477 διγάμους
1138 2440 1222 2477 τρι
1237 2427 1431 2478 γάμους
1461 2439 1502 2463 τε
1532 2428 1674 2474 τίθησι

879 2499 946 2532 καὶ
975 2496 1198 2542 λιπεσήν
1214 2509 1352 2545 ορας.

472 2608 666 2661 »Habes,
704 2609 843 2668 inquit
878 2608 1103 2666 Kleinius‚
1140 2609 1271 2668 ipsius
1305 2607 1499 2652 Helenae
1530 2609 1730 2668 vituperii

412 2694 579 2743 partem
610 2693 655 2726 et
676 2682 765 2726 fere
802 2697 1042 2726 summam:
1084 2696 1345 2742 quamquam
1376 2681 1552 2726 dubium
1586 2693 1649 2726 est
1673 2681 1729 2725 ad

411 2760 564 2801 Troiae
600 2757 814 2803 excidium
851 2759 998 2803 locum
1032 2770 1151 2804 recte
1183 2759 1414 2803 referamus
1455 2775 1509 2803 an
1539 2757 1596 2802 ad
1627 2758 1731 2801 Ore-
