2037 3619
1068 392 1126 434 20

443 532 489 574 in
509 529 710 590 ambiguo
732 532 824 570 vest:
878 522 932 566 ad
951 523 1180 582 Iliupersin
1202 521 1378 582 quidem
1401 538 1552 571 eorum
1574 525 1756 585 plurima

441 605 631 649 referunt
658 600 850 659 Kleinius
880 609 925 643 et
950 598 1227 654 Welckerus,
1261 598 1571 656 existimantes,
1599 605 1646 645 in
1672 602 1759 645 hoc

448 678 634 722 carmine
654 674 937 734 vituperatam
959 688 1049 717 esse
1069 671 1301 716 Helenam:
1327 687 1493 731 »neque
1511 676 1627 718 enim
1646 676 1760 731 illic,

439 750 574 808 inquit
606 748 800 791 Kleinius
836 748 899 808 (p.
925 747 1040 806 23.),
1073 746 1128 790 de
1149 746 1341 789 Helenae
1368 746 1470 788 fatis
1499 762 1643 791 sermo
1667 765 1759 793 esse

438 840 527 869 non
556 822 753 884 potuit;’'
785 821 884 878 sed,
916 835 1062 866 nonne
1086 822 1132 886 in
1163 821 1248 865 alio
1278 836 1449 880 quoque
1480 824 1670 867 carmine
1700 823 1756 868 de

436 898 605 942 Helena
638 897 782 958 potuit
820 911 911 940 esse
951 894 1126 938 sermo?
1169 910 1315 938 nonne
1348 895 1477 954 igitur
1505 909 1559 937 eo
1586 909 1757 954 quoque

437 973 591 1018 referri
619 982 822 1032 poterunt
854 971 1115 1031 fragmenta,
1149 985 1258 1029 quae
1280 969 1472 1013 Helenae
1492 970 1754 1029 vituperium

436 1048 636 1093 videntur
661 1045 919 1092 continere?
938 1073 995 1082 -
1025 1045 1202 1107 Singula
1228 1060 1335 1106 age,
1369 1061 1481 1104 quae
1504 1043 1677 1105 quidem
1701 1044 1758 1089 ad

435 1131 626 1168 nostram
654 1138 826 1167 causam
849 1122 1040 1177 faciunt,
1073 1121 1311 1182 fragmenta
1343 1121 1639 1181 exploremus,
1670 1136 1758 1180 quo

433 1199 687 1260 pertinuisse
706 1197 954 1242 videantur:
988 1196 1114 1239 simul
1137 1211 1189 1239 ex
1207 1196 1259 1239 iis
1279 1195 1530 1255 apparebit,
1560 1211 1761 1239 nonnun-

431 1288 560 1334 quam
590 1273 644 1317 ab
674 1271 918 1316 Homericis
952 1269 1249 1314 traditionibus
1284 1268 1505 1314 deflexisse
1534 1269 1751 1315 Stesicho-

431 1365 530 1393 rum
544 1381 557 1405 ,
589 1364 729 1407 neque
750 1347 899 1392 eadem
923 1347 1069 1389 omnia
1090 1344 1145 1389 de
1167 1345 1334 1389 Helena
1359 1346 1579 1390 cecinisse.

472 1439 512 1470 1.
555 1423 654 1467 Huc
676 1423 886 1484 pertinet,
902 1420 1017 1481 quod
1040 1419 1188 1465 Schol.
1212 1419 1367 1464 Venet.
1389 1418 1444 1462 ad
1465 1419 1599 1464 Hom.
1620 1419 1752 1464 Iliad.

431 1501 489 1544 H.
527 1499 629 1555 339.
662 1497 717 1540 de
738 1497 927 1539 Helenae
954 1511 1189 1554 procorum
1216 1495 1493 1537 iureiurando
1516 1496 1643 1538 nobis
1662 1512 1751 1539 ser·

431 1571 547 1617 vavit
575 1570 860 1632 fragmentum
892 1566 969 1630 (20
999 1582 1071 1629 ap.
1105 1567 1300 1629 Klein.):
1334 1567 1589 1630 »Principes
1617 1568 1754 1615 Grae·

435 1649 551 1702 ciae‚
603 1662 734 1705 quum
773 1645 988 1687 Helenam
1027 1654 1225 1702 peterent
1260 1659 1438 1687 uxorem
1455 1676 1468 1699 ,
1513 1644 1760 1703 Tyndareus

435 1732 584 1783 pater,
616 1720 793 1776 timens,
823 1735 901 1776 ne,
923 1734 1054 1762 unum
1078 1716 1262 1779 eligens,
1294 1717 1482 1778 reliquos
1502 1719 1582 1762 sibi
1605 1719 1761 1765 redde-

433 1807 503 1841 ret
522 1796 750 1850 inimicos,
784 1794 1012 1838 obstrinxit
1033 1792 1335 1848 iureiurando,
1367 1791 1398 1849 ἦ
1421 1797 1506 1851 μὴν
1538 1799 1596 1852 τῷ
1626 1795 1759 1853 ληψο-

433 1873 550 1930 μένῳ
578 1875 655 1928 τὴν
686 1871 818 1915 παῖδα
843 1869 1103 1925 ἀδικουμένῳ
1130 1870 1222 1925 περὶ
1256 1869 1388 1924 αὐτὴν
1419 1870 1575 1925 σφόδρα
1606 1875 1759 1923 πάντες

430 1951 670 2005 ἐπαμύνειν.
730 1944 931 1988 Menelao
958 1944 1088 2004 igitur
1107 1958 1217 1986 uxor
1237 1942 1338 1986 data
1358 1944 1524 1988 Helena
1547 1961 1678 2005 quum
1697 1947 1753 1991 ab

431 2020 680 2065 Alexandro
719 2029 843 2079 rapta
880 2029 1015 2073 esset,
1059 2020 1338 2074 ἐκοινώνησαν
1377 2024 1430 2075 τῇ
1460 2021 1651 2076 στρατείᾳ
1687 2022 1759 2064 διὰ

434 2100 531 2148 τοῦς
565 2095 807 2151 γενομένους
837 2095 993 2152 ὅρκους.
1045 2093 1269 2152 Ἱστορεῖ
1289 2095 1648 2153 Στησίχορος.”
1701 2097 1757 2140 In

434 2172 511 2218 Ilii
540 2169 711 2215 excidio
747 2169 854 2214 haec
890 2168 1085 2213 habuisse
1122 2172 1323 2229 poetam,
1371 2178 1490 2214 recte
1531 2169 1756 2215 contendit

435 2246 657 2299 Kleinius,
701 2245 899 2289 refellens
949 2243 1266 2288 Blomfieldium
1319 2255 1362 2288 et
1416 2245 1633 2305 Heynium
1680 2245 1756 2307 (ad

435 2321 633 2382 Apollod.
669 2321 745 2365 III.
791 2336 859 2365 10.
896 2320 940 2365 8.
977 2330 1021 2364 et
1057 2319 1148 2379 9.),
1194 2320 1266 2379 qui
1313 2319 1369 2363 ad
1411 2320 1621 2365 Helenam
1650 2321 1681 2366 i.
1709 2337 1750 2367 e.

435 2396 707 2441 Palinodiam
727 2395 969 2440 retulerint.
1007 2395 1157 2454 Neque
1178 2394 1407 2455 persuadet
1428 2395 1619 2455 Heynius
1640 2396 1672 2441 l.
1693 2397 1726 2442 l.
1740 2429 1754 2453 ,

438 2473 526 2514 iam
542 2472 780 2514 Homerum
806 2470 929 2512 huius
949 2468 1220 2512 iurisiurandi
1241 2470 1507 2512 mentionem
1531 2469 1683 2514 fecisse
1706 2486 1761 2514 eo

435 2544 580 2589 Iliadis
598 2545 720 2597 loco,
753 2543 808 2587 ad
827 2559 951 2602 quem
975 2543 1083 2587 haec
1102 2542 1324 2588 adnotavit
1343 2543 1611 2589 Scholiasta:
1637 2543 1756 2589 aliud

434 2620 636 2662 nimirum
672 2619 885 2661 Homerus
922 2618 1179 2661 intellexisse
1223 2616 1393 2661 videtur
1433 2619 1749 2671 iusiurandum,

434 2709 519 2754 quo
556 2695 602 2738 in
640 2692 797 2738 Aulide
831 2709 876 2737 se
911 2693 1094 2737 invicem
1129 2691 1449 2737 obstrinxerunt
1481 2692 1640 2738 Graeci
1673 2692 1753 2752 (1).

467 2805 516 2851 (1)
538 2805 589 2838 Sic
620 2807 714 2839 etiam
745 2806 904 2840 intellexit
928 2808 1128 2849 Welckerus,
1166 2808 1227 2842 Gr.
1255 2810 1313 2842 Tr.
1349 2821 1383 2854 p.
1418 2812 1482 2844 111
1497 2835 1507 2853 ‚
1542 2811 1632 2846 illam
1666 2810 1761 2844 stesi-

418 2864 505 2897 chori
526 2862 728 2905 ἒνωμοτίαν
755 2865 916 2907 appellans
945 2867 1041 2900 »eine
1067 2865 1340 2901 nachhomerische
1365 2868 1562 2913 Dichtung.”
1588 2888 1635 2896 —
1658 2869 1753 2903 Stesi-
