2037 3619
1071 360 1128 400 74

434 492 604 537 Herod.
629 494 685 536 11.
717 509 733 534 ι
748 494 831 552 19.)
847 523 859 547 ,
892 493 957 535 ὅτι
983 497 1173 552 πρόςεσχε
1197 498 1339 545 τόποις
1369 497 1491 541 τισίν.
1516 496 1588 550 ἀφ’
1619 488 1667 540 οὗ
1687 498 1759 539 καὶ

437 576 461 615 o‘
499 572 606 614 κατὰ
638 571 714 624 τὴν
749 567 993 624 ’Λρῦανίαν
1034 568 1158 625 λιμὴν
1194 577 1271 624 τὴν
1309 572 1414 627 ὑπὲρ
1450 572 1757 628 Παραιτονίου,

436 643 729 692 Μενέλαος
764 641 968 685 καλεῖται.
997 641 1073 702 (cf.
1104 641 1248 686 Strab.
1271 642 1395 686 XVII
1420 656 1465 688 et
1495 645 1761 691 Μενελαΐ-

436 736 526 775 της
559 720 681 773 νομὸς
714 716 830 777 apud
853 717 1145 772 Eustathium,
1168 732 1300 777 supra
1322 734 1367 778 p.
1399 719 1484 777 12).
1510 747 1573 757 -
1594 721 1761 765 Certius

436 803 498 837 est
520 807 573 836 ex
593 791 823 836 Herodoto
842 792 1028 836 hausisse
1043 792 1372 849 Philostratum‚
1398 796 1495 853 qui,
1519 797 1761 840 Homereae

435 867 670 910 narrationi
703 878 753 909 ut
789 866 921 910 fidem
956 866 1179 923 detrahat,
1220 867 1347 923 unice
1381 868 1555 914 studens
1585 869 1673 931 (1),
1715 871 1762 914 in

435 944 608 986 Heroie.
640 942 698 987 ΙΙ.
734 957 805 986 20.
842 942 905 1001 (p.
941 941 1045 999 693.
1085 942 1117 985 f.
1152 941 1220 985 ed.
1259 943 1426 1001 Olear.)
1461 944 1570 987 haec
1608 945 1758 987 habet:

434 1018 686 1074 »Μέμφεται
724 1019 769 1063 δὲ
809 1017 1103 1077 (Protesilaus)
1143 1023 1214 1064 τοῦ
1242 1019 1420 1077 Ὁμήρου
1458 1022 1597 1067 ἐκεῖνα
1620 1045 1677 1056 —
1708 1049 1763 1058 —-

434 1096 499 1138 ὄτι
533 1098 673 1148 σαφῶς
709 1098 927 1147 γινώσκων
943 1092 1031 1151 (2),
1065 1096 1121 1144 ὥς
1159 1098 1204 1139 ἐν
1236 1096 1525 1152 Αἰγύπτῳ
1557 1102 1582 1153 η’
1613 1096 1766 1153 Ἑλένη

435 1169 597 1223 ἐγένετο
618 1202 630 1224 ,
675 1173 952 1227 ἀπενεχθεῖσα
986 1171 1067 1212 ὑπὸ
1103 1170 1268 1224 ἀνέμων
1308 1173 1408 1226 ὁμοῦ
1439 1177 1498 1229 τῷ
1529 1174 1710 1229 Πάριδι,
1741 1175 1765 1215 ὁ

435 1247 480 1290 δὲ
513 1250 608 1299 ἄγει
641 1246 773 1300 αὐτὴν
806 1246 875 1288 ἐπὶ
908 1247 955 1288 τὸ
991 1249 1064 1288 τοῦ
1106 1245 1242 1290 Ἰλίου
1274 1251 1406 1305 τεῖχος
1444 1272 1500 1280 -—
1536 1247 1600 1307 ΕΡ.
1639 1245 1767 1306 694.)

438 1322 739 1378 ἐπαινουμένου
766 1322 811 1366 δὲ
843 1325 934 1366 οὔτε
966 1324 1012 1366 ἐν
1037 1322 1144 1378 αὐτῇ
1175 1327 1227 1378 τῇ
1245 1323 1376 1379 Τροίᾳ
1404 1323 1588 1380 Πάριδος
1616 1325 1684 1367 ἐπὶ
1718 1328 1770 1380 τῇ

437 1400 606 1454 ἁρπαγῇ
631 1402 702 1452 τῆς
721 1396 896 1453 ςΕλένης
910 1428 922 1449 ,
956 1395 1041 1439 οὔτ’
1061 1398 1116 1439 ἂν
1137 1394 1324 1451 εἘιιτορα
1343 1399 1416 1441 τὸν
1437 1397 1769 1455 σωφρονέστατον

440 1479 681 1530 καρτερῆσαι
713 1474 810 1528 φησὶ
841 1500 888 1506 -»
924 1475 971 1514 τὸ
997 1474 1052 1525 μὴ
1083 1472 1157 1515 οὐκ
1192 1473 1518 1516 ἀποδοῦναι
1551 1475 1682 1527 αὐτὴν
1708 1478 1767 1530 τῷ

435 1547 661 1605 Μενέλεῳ,
704 1550 758 1592 ἐν
802 1545 943 1602 Ἰλίῳ
983 1542 1156 1598 οὖσαν,
1209 1561 1346 1604 neque
1396 1546 1616 1590 Priamum
1635 1580 1648 1603 ,
1700 1558 1768 1591 tot

435 1624 517 1666 sibi
540 1623 685 1666 liberis
706 1622 1011 1683 pereuntibus,
1049 1635 1351 1663 concessurum
1373 1621 1501 1664 fuisse
1523 1621 1694 1678 Paridi,
1719 1628 1767 1665 ut

439 1698 654 1759 voluptati
681 1697 923 1758 indulgeret
946 1696 1025 1756 (3).
1077 1695 1142 1739 Cf.
1167 1697 1339 1741 Heroic.
1366 1697 1484 1741 XIX.
1510 1697 1571 1756 (p.
1597 1696 1701 1756 745.
1733 1698 1766 1742 f.

441 1774 561 1833 Ol.):
597 1773 814 1815 »Achilles
836 1783 879 1814 et
901 1771 1067 1814 Helena
1088 1772 1192 1828 μηδὲ
1211 1772 1414 1826 ὀφθέντες
1432 1772 1624 1828 ἀλλήλοις
1640 1804 1653 1827 ,
1674 1771 1768 1817 ἀλλ’

442 1856 467 1906 ἡ
499 1852 577 1905 μὲν
613 1848 705 1892 κατ’
740 1848 1043 1903 Αἴγυπτον,
1074 1850 1099 1890 ό
1131 1848 1176 1891 δὲ
1212 1850 1258 1891 ἐν
1287 1847 1409 1903 Ἰλίῳ
1446 1850 1583 1898 ὄντες,
1619 1858 1769 1889 mutuo

442 1924 558 1983 capti
576 1937 725 1966 amore
743 1938 873 1981 quum
890 1932 1053 1976 essent,
1066 1920 1215 1963 Thetis
1236 1937 1259 1964 a
1276 1921 1480 1981 Neptuno
1501 1922 1766 1981 impetravit,

440 2009 489 2041 ut
516 1999 654 2041 insula
684 2013 791 2057 pura
821 1998 962 2039 Leuce
990 1997 1041 2037 iis
1072 2006 1291 2038 crearetur
1319 1997 1364 2037 in
1394 1996 1538 2038 Ponto
1563 1995 1768 2039 Euxino-’⁹

443 2072 519 2132 (cf.
545 2088 673 2132 supra
693 2088 740 2131 p.
772 2071 865 2130 28).
929 2070 1096 2113 Similia
1130 2081 1326 2130 prostant
1358 2071 1404 2114 in
1440 2071 1529 2115 Vtc.
1567 2070 1768 2129 Apollon.

484 2255 530 2300 (1)
554 2256 598 2287 De
632 2255 815 2287 Philostrato
847 2252 1203 2301 ὃμηρομάστιγι
1234 2268 1263 2287 v.
1285 2267 1364 2300 quae
1396 2256 1509 2300 passim
1535 2255 1616 2288 dixit
1642 2255 1780 2289 Olearius

436 2316 470 2347 in
493 2315 594 2346 Praef.

483 2371 531 2415 (2)
555 2369 727 2402 Herodoius
746 2370 786 2401 11.
814 2371 892 2402 116.
916 2369 1102 2402 modestius:
1129 2369 1255 2402 δοκέει
1282 2369 1327 2403 δέ
1349 2381 1412 2410 μοι
1440 2369 1505 2402 καὶ
1524 2367 1693 2415 υθμηρος
1715 2368 1781 2402 τὸν

437 2426 547 2471 λόγον
574 2427 711 2460 τοῦτον
737 2427 956 2460 πυθέσθαι·
983 2443 1024 2453 -
1048 2427 1145 2459 κατὰ
1167 2427 1237 2472 γὰρ
1259 2426 1409 2472 ἐποίησε
1433 2447 1480 2452 -
1499 2426 1644 2472 πλάνην
1666 2425 1780 2460 Ἀλε-

438 2485 618 2530 ξάνδρου,
648 2483 693 2522 ὡς
718 2484 940 2528 ἀπηνείχθη
967 2482 1064 2526 ἄγων
1086 2480 1251 2527 ‘Eum
1270 2496 1305 2518 κ.
1322 2495 1359 2518 τ.
1375 2483 1409 2516 λ.

487 2542 534 2585 (3)
559 2541 670 2573 Herod.
688 2542 727 2573 Π.
747 2543 822 2572 120.
838 2552 845 2572 :
860 2542 895 2573 εἰ
909 2533 952 2584 ἢν
964 2539 1103 2584 Ἑλένη
1118 2541 1156 2573 ἐν
1174 2537 1296 2585 Ἰλίῳ,
1314 2539 1555 2584 ἀποδοθῆναι
1577 2539 1621 2573 ἂν
1634 2539 1754 2584 αὐτὴν
1767 2564 1778 2583 ,

442 2598 525 2642 ἦτοι
548 2598 696 2637 ἑκόντος
713 2611 757 2642 γε
772 2599 794 2642 ἢ
816 2596 969 2637 ἄκοντος
985 2598 1254 2644 Ἀλεξάνδρου.
1271 2597 1313 2630 οὐ
1339 2598 1409 2643 γὰρ
1433 2597 1483 2641 δὴ
1505 2597 1599 2630 οὕτω
1619 2610 1663 2641 γε
1689 2609 1784 2643 φρε-

439 2656 635 2699 νοβλαβὴς
657 2649 701 2699 ἦν
721 2654 739 2687 ὁ
760 2654 955 2700 Πρίαμος,
973 2654 1114 2693 -ὥςτε
1131 2673 1178 2678 --
1193 2653 1427 2686 κινδυνεύειν
1442 2653 1644 2695 ἐβούλοντο
1658 2678 1667 2696 ,
1693 2653 1782 2692 ὅκως

441 2710 697 2758 Ἀλέξανδρος
727 2711 865 2758 εΕλεὲνῃ
899 2712 1081 2758 συνοικέῃ.
1109 2730 1152 2739 -
1183 2710 1300 2744 αὐτοῦ
1335 2711 1380 2744 δὲ
1405 2710 1578 2757 Πριάμου
1608 2710 1675 2744 οὐκ
1702 2710 1783 2743 ἔστι

444 2770 507 2804 ὅτε
531 2770 572 2803 οὐ
602 2770 698 2811 δύο,
724 2769 746 2813 ἦ
769 2775 873 2817 τρεῖς
894 2769 917 2812 ἢ
944 2769 1009 2803 καὶ
1037 2769 1095 2803 ἔτι
1120 2767 1274 2807 πλείους
1296 2768 1371 2804 τῶν
1389 2767 1780 2813 παίδων-ἀπέθνη-

444 2838 529 2862 σκον
554 2841 588 2861 κ.
612 2840 648 2861 τ.
675 2827 706 2862 λ.
