2037 3619
1015 356 1072 398 54

388 495 546 541 dentur
562 491 810 538 sacerdotes
822 489 1063 535 Herodotei
1077 491 1151 551 (Π.
1170 507 1187 535 1
1200 491 1306 552 18.),
1323 500 1555 548 narrantes,
1568 491 1705 538 Grae-

392 588 469 617 cos
482 604 497 628 ‚
523 571 578 616 ad
596 571 772 613 Troiam
791 567 993 627 appulsos
1009 599 1023 624 ,
1043 569 1206 612 misisse
1226 568 1414 629 legatos,
1437 570 1714 617 ἀπαιτέειν

389 649 443 692 ‘E
454 649 509 692 λέ
518 665 542 693 ν
553 663 627 703 ην.
653 666 706 673 ——
733 642 810 686 Sin
831 643 924 704 ipsa
941 641 1188 687 consideres
1204 643 1445 704 fragmenta
1457 678 1471 702 ,
1494 647 1575 691 etsi
1595 648 1714 709 inge·

389 723 510 765 niose
536 718 592 761 ad
610 718 870 777 Cypriorum
901 718 1196 761 narrationem
1218 718 1491 762 transtulerat
1510 721 1712 765 Welcke-

392 810 478 849 rus,
495 802 706 853 poterunt
720 801 867 835 tamen
884 790 1057 848 eadem,
1074 808 1125 835 ac
1143 792 1290 836 nescio
1310 808 1367 835 an
1386 793 1558 851 melius,
1576 797 1715 856 accipi

393 870 447 913 de
465 868 659 912 Helenae
678 883 736 910 ex
753 868 948 926 Aegypto
969 868 1243 926 repetitione.
1304 867 1414 910 Sunt
1431 868 1548 912 enim
1567 862 1682 913 iniis
1697 902 1712 925 ,

392 958 501 1002 quae
535 952 780 1002 congruunt
814 941 906 984 fere
947 956 1049 984 cum
1083 942 1294 985 similibus
1327 942 1437 986 loeis
1469 944 1515 986 in
1547 943 1716 987 Helena

392 1016 610 1078 Euripidis
622 1047 636 1073 ,
667 1016 801 1060 veluti
830 1016 903 1059 hic
930 1031 1078 1060 versus
1095 1031 1107 1060 z

580 1129 635 1138 --
663 1108 738 1161 ἐγὼ
766 1105 811 1146 δὲ
840 1108 1030 1160 προδότις
1059 1109 1131 1148 οὐκ
1160 1109 1284 1160 ἢμην,
1316 1109 1470 1152 τέκνον,

396 1204 468 1264 qui
497 1203 668 1265 egregie
692 1204 895 1246 convenit
910 1203 1103 1246 Helenae
1120 1204 1300 1247 insontis
1321 1204 1367 1247 in
1385 1205 1587 1265 Aegypto
1610 1219 1716 1247 con·

393 1279 575 1334 ditioni,
623 1293 808 1336 eumque
850 1279 993 1337 ipsum
1039 1278 1245 1338 expressit
1283 1278 1510 1338 Euripides
1554 1278 1712 1321 Helen.

387 1369 449 1399 vs.
473 1352 561 1412 948
583 1367 595 1396 2

586 1461 641 1469 —
669 1441 743 1494 ἐγὼ
770 1439 815 1479 δὲ
843 1442 1032 1492 προδότις
1065 1443 1137 1481 οὐκ
1166 1440 1228 1494 ἄρ’
1257 1438 1302 1491 ἦν
1330 1438 1477 1491 φίλων,

394 1533 634 1579 dummodo
668 1544 812 1588 recte,
846 1532 1037 1576 diversos
1077 1548 1168 1576 esse
1194 1534 1275 1576 hos
1310 1548 1454 1576 versus
1470 1565 1483 1589 ,
1517 1534 1719 1577 statuerit

393 1609 650 1654 Welckerus
680 1607 782 1667 (Gr.
812 1608 888 1652 Tr.
921 1623 966 1667 p.
988 1606 1094 1661 456.
1127 1618 1172 1651 et
1193 1608 1240 1651 in
1267 1608 1421 1653 Addit.
1455 1624 1500 1668 p.
1533 1608 1684 1668 1529.)
1703 1643 1715 1663 ‚

400 1701 533 1744 quum
564 1684 687 1743 prior
724 1682 799 1725 ille
830 1683 987 1725 citetur
1016 1682 1088 1741 (ab
1124 1684 1267 1741 Etym.
1298 1685 1364 1728 M.
1388 1700 1435 1743 p.
1455 1684 1571 1739 430,
1600 1683 1644 1728 5.
1676 1691 1720 1727 et

398 1760 446 1801 in
478 1759 672 1800 Cramer.
710 1755 880 1802 Anecd.
934 1756 1010 1799 Gr.
1052 1755 1128 1799 IV.
1170 1756 1291 1816 378.)
1323 1773 1375 1800 ex
1415 1758 1627 1817 Euripide
1664 1763 1724 1804 ἐν

404 1833 617 1890 Ἑλένης
646 1833 959 1887 ἀπαιτήσειε
1009 1846 1118 1889 quae
1150 1841 1295 1875 tamen
1323 1833 1511 1876 auctoris
1537 1834 1725 1877 nominis

405 1906 669 1967 permutatio
704 1905 832 1948 facile
869 1905 952 1948 erit
983 1904 1248 1959 excusanda,
1277 1906 1313 1947 si
1340 1906 1478 1949 simile
1505 1908 1723 1967 utriusque

402 1981 593 2025 Fabulae
643 1980 772 2023 fuisse
816 1987 1115 2040 argumentum
1137 2012 1150 2036 ,
1191 1980 1464 2041 similemque
1506 1983 1724 2042 utriusque

401 2058 568 2100 Poetae
598 2057 645 2099 in
679 2055 833 2099 eadem
866 2070 914 2097 re
947 2070 1117 2098 versum
1146 2055 1357 2100 statueris.

460 2130 594 2174 Aliud
637 2145 809 2190 quoque
843 2129 1135 2189 fragmentum
1173 2129 1264 2190 (ap.
1296 2130 1447 2176 Schol.
1483 2132 1633 2193 Eurip.
1668 2132 1723 2177 ad

400 2207 565 2251 Phoen.
598 2221 663 2251 vs.
688 2204 814 2264 301.)

568 2321 637 2357 καὶ
663 2318 738 2371 γὰρ
764 2316 964 2370 χαρακτήρ
991 2317 1112 2360 αὐτὸς
1141 2315 1184 2354 ἐν
1211 2315 1368 2371 γλώσσῃ
1395 2321 1437 2357 τι
1463 2332 1514 2369 με

560 2396 779 2441 παρηγορεῖ
804 2390 990 2431 Λάκωνος
1019 2387 1227 2438 ὄσμᾶσθαι
1257 2389 1395 2439 λόγου,

402 2484 463 2526 ita
498 2493 798 2543 comparatum
835 2492 899 2526 est
915 2515 927 2538 ,
974 2492 1024 2525 ut
1058 2481 1187 2525 facile
1216 2481 1457 2542 intelligere
1492 2482 1627 2541 possis
1665 2480 1719 2526 de

400 2557 601 2601 Menelao
624 2568 668 2600 et
688 2557 855 2601 Helena
884 2557 931 2599 in
953 2557 1153 2617 Aegypto
1184 2572 1230 2600 se
1262 2543 1628 2619 agnoscentibus?
1666 2556 1723 2600 si-

401 2633 516 2676 milia
541 2632 657 2692 apud
675 2631 926 2692 Euripidem
952 2631 1112 2675 addere
1132 2632 1342 2691 potuisset
1359 2631 1581 2675 Menelaus
1594 2664 1608 2688 ‚
1630 2631 1716 2691 qui,

399 2708 629 2770 conspecta
652 2707 840 2765 Helena,
864 2711 1206 2769 interrogaverat
1223 2705 1337 2768 (Hel.
1355 2722 1419 2753 VS.
1444 2705 1567 2767 580.)

554 2811 738 2857 Ἑλληνὶς
766 2805 808 2847 εἶ
836 2823 898 2851 τις
926 2810 950 2857 ἢ
978 2803 1176 2860 ’πιχωρία
1203 2809 1322 2859 γονῆς
