2037 3619
1062 353 1119 394 64

419 487 475 531 ad
497 489 576 534 Gr.
609 491 681 532 Tr.
701 504 745 547 p.
773 486 922 545 1587.)
937 519 948 538 ,
985 498 1032 529 ut
1058 487 1233 532 doctam
1254 504 1345 533 esse
1365 492 1583 536 Electram
1606 492 1745 536 existi·
1793 503 1797 505 ’

419 575 509 606 met
530 563 601 606 Ol.
627 577 701 620 91.
726 564 771 614 4.
803 562 834 603 i.
864 576 904 605 e.
933 560 1115 618 eodem,
1151 579 1238 622 quo
1261 565 1454 623 Helena,
1485 583 1623 611 anno:
1658 569 1743 627 qua

416 637 583 697 Bergkii
613 636 822 679 sententia
858 646 1009 679 nostra
1044 637 1174 695 plane
1203 638 1485 685 confirmatur
1521 643 1707 703 suspicio
1725 675 1739 698 ,

414 709 665 771 Euripidem
702 710 921 754 Electram
960 709 1156 756 docuisse
1193 713 1339 773 paullo
1382 726 1483 775 post
1524 717 1739 761 Helenam

414 794 572 831 actam.

472 866 496 918 S
529 862 571 907 3.
636 862 805 906 Munita
836 863 919 906 hac
954 861 1202 924 disputandi
1234 865 1326 922 via,
1362 863 1491 909 facile
1530 868 1616 911 erit
1648 885 1746 930 per·

410 939 604 998 spicere,
630 953 839 998 quosnam
867 938 1093 998 Euripides
1126 940 1172 982 in
1205 940 1293 983 hoc
1322 939 1378 983 de
1398 940 1566 985 Helena
1587 945 1740 1003 mytho

413 1013 678 1058 celebrando
700 1024 898 1057 auctores
920 1024 1089 1057 secutus
1109 1015 1185 1070 sit,
1218 1026 1262 1058 et
1283 1029 1370 1074 quo
1392 1015 1528 1060 modo
1550 1019 1742 1077 superio-

411 1104 508 1132 rum
536 1086 791 1132 traditiones
812 1088 858 1131 in
886 1103 1010 1131 suum
1032 1103 1154 1132 usum
1179 1090 1357 1134 verterit
1380 1089 1533 1136 Poeta.
1597 1092 1740 1154 Argu-

412 1174 560 1206 mento
580 1165 711 1224 igitur
731 1163 923 1207 Helenae
947 1164 1121 1206 fabulae
1150 1168 1386 1223 praemisso
1417 1182 1547 1225 quam
1578 1169 1741 1212 brevis-

410 1240 521 1285 simo
538 1273 550 1296 ,
573 1239 744 1301 paucis,
774 1248 819 1283 et
840 1237 944 1298 quid
965 1254 1017 1283 ex
1037 1238 1121 1283 illis
1144 1240 1332 1285 hauserit
1353 1240 1514 1299 Poeta,
1539 1243 1740 1289 subiicie-

412 1331 527 1370 mus,
562 1326 606 1357 et
632 1313 736 1374 quid
766 1330 819 1356 ex
851 1314 943 1356 aliis
976 1315 1193 1357 nonnullis
1231 1318 1490 1360 mutuaverit
1524 1317 1579 1360 ad
1619 1334 1739 1362 suam

412 1389 708 1434 adornandam
739 1389 969 1435 Fabulam.
992 1415 1054 1425 —
1075 1391 1126 1433 In
1153 1402 1405 1450 argumento
1441 1403 1585 1437 autem
1617 1410 1739 1438 enar·

410 1464 550 1509 rando
570 1480 658 1509 non
686 1462 955 1508 attendemus
977 1464 1034 1508 ad
1059 1465 1253 1509 Fabulae
1273 1467 1602 1527 oeconomiam³
1632 1469 1737 1514 affe-

409 1547 579 1584 ctumve
608 1539 680 1598 qui
701 1537 861 1582 dicitur
880 1539 1091 1599 tragicum
1110 1538 1198 1599 (1),
1231 1538 1307 1583 sed
1328 1556 1377 1584 ea
1394 1551 1562 1586 tantum
1586 1560 1736 1589 recen-

405 1616 617 1670 sebimus,
651 1629 760 1672 quae
783 1612 839 1656 ad
862 1625 1053 1657 nostram
1076 1630 1248 1657 causam
1271 1616 1510 1675 pertinent.

459 1715 517 1723 —
531 1689 807 1747 »Προλογίζει
818 1687 1006 1743 Helena,
1024 1704 1183 1747 suaque
1205 1700 1378 1732 enarrat
1393 1690 1502 1744 fata,
1524 1708 1633 1751 quae
1652 1694 1738 1738 huc

403 1764 496 1808 fere
508 1763 716 1808 redeunt:
742 1763 866 1818 Iuno,
887 1761 1033 1805 Venus
1047 1772 1092 1805 et
1103 1761 1323 1819 Minerva,
1343 1762 1398 1808 de
1411 1765 1735 1825 pulchritudine

406 1849 644 1892 certantes,
680 1838 888 1879 arbitrum
920 1837 1001 1878 sibi
1032 1838 1299 1880 constituunt
1337 1839 1562 1884 Paridem:
1598 1842 1733 1886 vincit

405 1915 574 1970 Venus,
609 1913 778 1957 Helena
799 1927 935 1955 uxore
957 1912 1167 1972 promissa
1190 1911 1358 1958 Paridi:
1386 1914 1500 1958 hanc
1522 1916 1734 1976 petiturus

402 1991 600 2052 Spartam
631 1988 921 2050 proficiscitur
947 1987 1095 2043 Paris,
1130 2003 1271 2047 neque
1294 2000 1440 2033 tamen
1462 1991 1626 2050 ipsam,
1656 1992 1734 2036 sed

402 2067 579 2111 Iunonis
598 2064 750 2108 fraude
782 2064 956 2109 εἴδωλον
985 2066 1193 2119 ἔμπνουν,
1224 2064 1418 2108 Helenae
1445 2066 1733 2124 simillimum,

402 2157 549 2185 secum
573 2150 781 2199 asportat.
845 2138 962 2182 Hinc
988 2146 1133 2182 ortum
1161 2139 1323 2183 bellum
1344 2140 1580 2186 Troianum
1602 2154 1646 2187 et
1679 2161 1734 2188 ex

403 2217 520 2260 Iovis
548 2214 760 2269 consilio,
807 2227 855 2255 ut
891 2228 1025 2256 onere
1066 2213 1317 2256 mortalium
1353 2213 1516 2258 levaret
1554 2216 1734 2261 Terram

402 2302 602 2336 matrem.
666 2289 834 2332 Helena
862 2288 955 2348 ipsa
977 2289 1031 2331 ab
1049 2288 1269 2332 Mercurio
1291 2290 1396 2333 nubi
1414 2290 1577 2335 inclusa
1598 2302 1735 2336 trans-

402 2368 538 2411 fertur
552 2367 598 2409 in
621 2366 891 2425 Aegyptum,
920 2362 1190 2423 traditurque
1212 2363 1374 2408 Proteo
1396 2366 1510 2425 regi,
1534 2367 1730 2412 omnium

402 2441 650 2485 mortalium
670 2438 1068 2494 continentissimo,
1104 2448 1271 2481 castum
1289 2449 1336 2481 ut
1360 2439 1561 2484 Menelao
1587 2457 1734 2486 serva-

404 2529 521 2560 retur
554 2516 841 2560 connubium.
919 2513 1097 2558 Mortuo
1129 2520 1274 2558 autem
1304 2514 1493 2572 Proteo,
1534 2517 1730 2562 Helenae

444 2725 491 2769 (1)
516 2724 616 2756 Multa
647 2722 685 2754 de
716 2722 812 2754 huius
840 2721 976 2753 Fabulae
1008 2721 1194 2764 Euripideae
1223 2724 1400 2755 oeconomia
1430 2723 1587 2768 disputata
1618 2733 1690 2757 sunt
1719 2738 1737 2758 a

399 2782 457 2815 VV.
470 2783 549 2823 BD„
572 2782 606 2815 in
619 2779 739 2813 diversa
757 2779 862 2813 omnia
879 2777 1069 2812 abeuntibus
1084 2790 1092 2812 :
1105 2790 1135 2811 v.
1148 2777 1272 2824 Pflugk.
1290 2783 1425 2824 prob'em.
1436 2780 1475 2814 ad
1487 2782 1563 2814 Jlel.
1576 2793 1608 2826 p.
1623 2782 1657 2815 9.
1672 2794 1716 2828 sq.
1726 2808 1736 2826 ,

398 2844 565 2875 Hermann.
590 2840 688 2883 praef.
713 2847 844 2881 pamm,
871 2836 1051 2870 Firnhaber.
1078 2838 1273 2870 Zimmerm.
1299 2839 1402 2871 Diar.
1430 2840 1530 2872 1839.
1555 2839 1626 2872 init.
