2037 3619
1091 344 1150 388 34

455 498 542 542 quo
573 481 852 543 pugnaverint
873 480 1029 523 Graeci
1052 491 1097 524 et
1125 480 1341 526 Troiani.”
1366 502 1419 514 —-—·
1441 484 1641 538 Caetera,
1662 495 1772 540 quae

454 560 500 602 in
538 559 623 601 hoc
655 554 844 599 carmine
879 554 1085 597 cecinerit
1122 554 1283 610 Poeta,
1320 558 1488 601 incerta
1520 567 1618 602 sunt
1643 570 1773 616 quam

451 633 637 675 maxime
649 661 661 684 ,
695 638 739 671 et
759 642 848 671 non
870 628 952 671 nisi
972 629 1232 672 coniecturis
1250 629 1409 674 confici
1426 631 1619 690 quodam
1637 629 1771 675 modo

455 712 646 764 possunt.
685 724 743 734 —
779 701 1073 745 Stesichorum
1099 702 1233 745 etiam
1260 702 1405 761 (sicuti
1426 704 1475 746 in
1498 703 1715 748 Herodoti
1731 715 1775 749 et

449 775 664 837 Euripidis
681 775 973 836 narratione),
1006 775 1111 820 dum
1143 783 1408 838 pugnaretur
1438 787 1538 821 ante
1568 778 1796 835 Troiam,

449 851 563 912 apud
585 852 791 896 Proteum
811 852 858 895 in
877 852 1340 913 Aegypto-versantem
1359 852 1512 897 fecisse
1532 853 1769 909 Helenam,

445 929 720 972 vehementer
754 935 885 987 negat
918 927 1170 971 Welckerus
1204 927 1269 986 (p.
1297 927 1432 987 278):
1466 928 1587 971 cuius
1622 938 1771 971 tamen

447 1002 649 1062 equidem
684 1001 880 1046 nondum
906 1001 1169 1062 persuadeor
1188 1002 1439 1046 rationibus.
1499 1000 1631 1057 Quod
1653 1002 1771 1046 enim

447 1076 553 1119 dicit
571 1077 857 1132 >Welckerus,
887 1076 1135 1120 sacerdotes
1158 1077 1205 1119 in
1226 1077 1367 1120 Leuce
1394 1076 1532 1121 insula
1563 1076 1671 1119 nihil
1697 1077 1770 1118 ha-

443 1152 584 1194 huisse
600 1166 783 1207 causae,
806 1168 882 1195 cur
903 1165 1064 1195 novam
1086 1152 1198 1195 hanc
1219 1151 1513 1211 excogitarent
1531 1150 1771 1193 narratiun-

443 1225 584 1268 culam
600 1257 613 1281 ,
659 1240 893 1286 regemque
934 1226 1250 1286 Aegyptiorum
1293 1224 1460 1268 virtutis
1499 1223 1769 1274 celebrarent

442 1300 681 1360 exemplar,
714 1324 769 1331 —
799 1301 886 1344 hoc
923 1312 1223 1362 argumentum
1261 1316 1317 1345 eo
1354 1310 1419 1343 est
1457 1299 1645 1354 tenuius,
1680 1313 1769 1358 quo

445 1376 649 1419 incertius
687 1377 827 1435 ipsum
866 1374 976 1419 illud
993 1407 1007 1431 ,
1055 1374 1170 1419 unde
1204 1374 1527 1420 conclusionem
1563 1373 1675 1426 facit,
1703 1372 1772 1416 vir

441 1451 769 1506 celeberrimus,
793 1450 1088 1494 sacerdotibus
1101 1451 1191 1493 istis
1212 1450 1423 1509 originem
1444 1448 1603 1494 debere
1624 1447 1770 1491 Palin-

441 1523 601 1568 odiam.
661 1524 813 1583 Neque
842 1540 913 1568 me
939 1534 1117 1568 movent
1140 1523 1272 1567 verba
1293 1522 1446 1566 Dionis
1474 1510 1772 1582 Chrysostomi

440 1598 539 1658 (Or.
568 1599 644 1641 XI.
674 1615 725 1659 p.
763 1599 860 1643 162.
898 1601 955 1643 A.
989 1599 1046 1643 fr.
1073 1597 1148 1652 45.
1173 1601 1218 1652 4.
1243 1597 1437 1657 Klein.):
1469 1599 1559 1646 Καὶ
1587 1600 1664 1645 ,τὸν
1688 1599 1771 1653 μὲι

439 1676 695 1733 Στησίχορον
734 1678 781 1719 ἐν
821 1680 873 1732 τῇ
907 1677 1074 1731 ὕστερον
1115 1674 1206 1731 ᾠδῇ
1239 1673 1377 1727 λέγειν
1413 1672 1571 1733 (φασὶ),
1604 1674 1670 1717 ὅτι
1707 1675 1767 1717 τὸ

439 1755 692 1808 παράπαν
738 1751 857 1795 οὐδὲ
906 1750 1183 1795 πλεύσειεν
1220 1753 1246 1805 ἡ
1284 1748 1440 1805 Ἑλένη
1481 1749 1765 1804 οὐδαμόσε,

444 1841 498 1869 ex
527 1826 678 1885 quibus
707 1824 945 1868 conficiunt
968 1825 1047 1868 viri
1081 1823 1227 1879 docti,
1260 1823 1500 1880 Helenam,
1531 1839 1662 1883 quum
1692 1838 1768 1866 na·

437 1916 532 1944 vem
577 1917 666 1944 non
706 1900 1029 1956 conscenderit,
1080 1915 1219 1959 neque
1251 1900 1296 1942 in
1333 1901 1576 1960 Aegyptum
1617 1900 1766 1944 venire

437 1976 651 2036 potuisse,
675 1977 786 2020 haec
804 1977 919 2020 enim
940 1975 1093 2019 Dionis
1113 1975 1264 2033 verba,
1285 1976 1434 2019 hausta
1453 1991 1507 2019 ex
1525 1990 1651 2018 versu
1668 1974 1764 2018 Ste-

436 2052 636 2095 sichoreo
672 2051 750 2094 illo
790 2051 905 2111 apud
940 2051 1168 2114 Platonem
1206 2053 1253 2096 οὐ
1288 2053 1368 2109 γὰρ
1397 2052 1498 2110 ἔβας
1535 2051 1681 2107 νηυσὶν
1716 2052 1765 2096 ἐν

437 2127 660 2182 εὐσέλμοις,
710 2142 800 2168 ιιοιι
844 2125 1086 2185 impediunt
1117 2142 1213 2184 *quo
1257 2127 1396 2168 minus
1430 2126 1476 2169 in
1515 2127 1762 2184 Aegyptum

440 2200 604 2244 venerit
636 2199 827 2252 Helena,
874 2199 1039 2243 etiamsi
1076 2215 1128 2242 eo
1166 2215 1255 2254 non
1293 2198 1570 2260 navigaverit.
1630 2197 1765 2259 Apud

436 2274 685 2335 Euripidem
706 2290 875 2334 quoque
896 2275 1062 2318 Helena
1082 2276 1127 2317 in
1150 2274 1398 2335 cognomini
1418 2273 1583 2317 Fabula
1604 2277 1651 2318 τὸ
1676 2292 1758 2319 πα-

438 2356 580 2407 ράπαν
619 2350 706 2396 οὐδ’
739 2351 935 2396 ἔπλευσεν
973 2352 1195 2414 οὐδαμόσε,
1239 2348 1516 2393 nihilominus
1557 2350 1676 2393 venit
1712 2350 1759 2392 in

437 2427 678 2487 Aegyptum
691 2459 703 2482 ,
736 2442 815 2487 per
835 2430 979 2470 aerem
999 2420 1199 2484 nimirum
1227 2412 1281 2469 eo
1302 2414 1542 2469 transvecta
1565 2425 1622 2468 ab
1643 2424 1761 2468 Mer-

438 2503 575 2546 curio.
626 2504 768 2560 Atque
787 2504 874 2546 hoc
887 2490 1055 2562 ipsum,
1086 2502 1305 2561 suspicor,
1331 2517 1382 2544 ex
1410 2500 1635 2545 Palinodia
1655 2502 1762 2544 hau-

438 2575 538 2619 sisse
558 2569 823 2636 Euripidem.
873 2576 1148 2620 Stesichorus
1165 2576 1281 2620 euim
1303 2585 1420 2618 certe
1440 2574 1596 2619 alicubi
1613 2608 1626 2631 ,
1656 2574 1760 2618 dum

440 2656 701 2711 pugnaretur
741 2652 855 2712 apud
888 2653 1088 2707 Troiam,
1136 2658 1377 2695 versantem
1409 2650 1578 2694 finxisse
1612 2650 1762 2694 debuit

440 2724 675 2769 Helenam:
724 2727 769 2769 in
803 2724 958 2786 Sparta
990 2741 1086 2770 eam
1119 2725 1318 2781 latuisse,
1367 2726 1439 2769 vel
1474 2726 1518 2769 in
1534 2756 1538 2760 -
1557 2724 1756 2785 proximo

436 2791 621 2857 quodam
656 2800 781 2855 loco,
825 2799 942 2859 quod
970 2800 1160 2846 coniecit
1186 2799 1461 2857 Welckcrus,
1497 2813 1637 2858 neque
1663 2799 1760 2846 Neri
