2037 3619
1058 368 1114 408 78

424 509 499 551 τὸν
527 506 818 560 Ἀλέξανδρον
841 508 914 559 τῆς
934 503 1111 560 Ἑλένης
1136 507 1184 547 τὸ
1212 504 1382 550 εἴδωλον
1411 507 1581 566 λαβεῖν,
1614 507 1745 562 αὐτὴν

423 581 470 626 δὲ
497 581 544 625 οὐ
572 580 832 636 δυνηθῆναιε
866 587 986 621 recte
1007 587 1149 621 autem
1168 580 1286 629 τινὰς
1313 581 1399 624 τῶν
1429 583 1611 638 ποιητῶν
1636 580 1746 624 haec

422 655 618 697 habuisse
656 653 791 709 dixit,
822 653 1115 696 Stesichorum
1150 653 1276 695 simul
1313 653 1585 715 intelligens,
1616 671 1744 715 quem

424 727 574 773 eadem
598 729 802 772 cecinisse
814 761 826 783 ,
844 728 1061 771 conficere
1076 739 1249 787 poterat
1265 744 1318 770 ex
1336 728 1531 772 Platonis
1546 731 1743 774 Phaedro

422 802 523 856 243.
546 804 599 846 A.
620 813 664 846 et
681 803 736 845 de
754 805 853 862 Rep.
875 803 951 847 IX.
975 802 1076 846 586.
1095 803 1174 859 C.;
1196 818 1248 846 ex
1268 803 1354 846 hoc
1376 804 1491 846 enim
1510 803 1596 847 alio
1616 807 1745 850 etiam

419 878 521 921 loco
537 878 610 937 (de
628 879 799 922 Rhetor.
817 895 863 938 p.
884 894 958 937 72.
977 876 1110 922 Dind.
1124 910 1137 933 ,
1158 878 1214 922 fr.
1235 877 1310 931 45.
1330 894 1371 922 2.
1390 878 1556 937 Klein.)
1570 879 1741 924 hausit:

419 954 553 1012 ὥςπερ
582 957 622 999 οἱ
653 958 910 1013 Στησιχόρου
941 958 1080 1012 Τρῶες
1111 956 1151 998 οἱ
1186 957 1233 998 τὸ
1265 959 1337 1010 τῆς
1365 954 1540 1012 “Ελένης
1573 954 1748 1002 εἴδωλον

420 1032 585 1089 ἔχοντες
610 1034 666 1081 ὡς
695 1032 842 1086 αὑτήν.
878 1055 934 1062 -
965 1029 1180 1090 Euripidis
1202 1041 1344 1073 autem
1366 1031 1575 1074 Helenam
1596 1031 1743 1091 cogni-

420 1115 509 1148 tam
553 1106 749 1148 habuisse
790 1104 1050 1159 Aristidem,
1085 1115 1263 1164 apparet
1303 1121 1357 1148 ex
1399 1105 1491 1148 eius
1532 1106 1744 1165 Aegyptio

423 1179 485 1239 (p.
524 1182 627 1233 442.
662 1179 816 1239 Dind.)
851 1196 937 1239 quo
972 1181 1072 1223 loco
1106 1180 1271 1238 primos
1291 1186 1378 1223 tres
1409 1181 1535 1223 huius
1554 1180 1744 1223 Fabulae

421 1254 547 1299 affert
576 1270 735 1299 versus.

481 1330 678 1373 Eandem
700 1330 907 1372 Fabulam
925 1341 1091 1389 spectat
1109 1331 1261 1374 Sextus
1273 1331 1514 1390 Empiricus
1526 1329 1624 1374 VH.
1643 1330 1740 1374 adv.

424 1405 632 1449 Mathem.
655 1420 698 1463 p.
722 1407 826 1463 407.
846 1403 998 1448 Fahr.:
1020 1404 1241 1448 Menelaus
1260 1406 1505 1450 καταλιπὼν
1528 1430 1590 1440 -
1624 1409 1669 1450 ἐν
1692 1411 1745 1462 τῇ

426 1484 495 1535 νηῒ
522 1481 571 1521 τὸ
604 1478 774 1522 εἴδωλον
810 1477 1009 1534 ςΕλένης,
1051 1479 1151 1534 ὅπερ
1178 1479 1261 1521 οέπὸ
1300 1480 1453 1535 Τροίας
1485 1482 1658 1534 ἐπήγετο
1688 1481 1744 1530 ὥς

423 1555 626 1609 Ἑλένην,
662 1555 732 1596 καὶ
763 1554 910 1610 ἐπιβὰς
940 1557 1013 1607 τῆς
1042 1556 1184 1609 Φάρου
1213 1558 1361 1608 νήσου,
1395 1557 1470 1610 ὁρᾷ
1497 1558 1574 1608 τὴν
1602 1554 1743 1609 ἀληθῆ

421 1629 602 1685 Ἑλένην
636 1646 674 1671 κ.
696 1645 734 1672 τ.
756 1627 796 1671 λ.
820 1636 864 1669 et
885 1625 1041 1669 deinde
1063 1642 1106 1686 p.
1131 1630 1235 1680 421.
1260 1628 1290 1671 f.
1315 1630 1384 1672 καὶ
1404 1630 1470 1672 ὅτε
1489 1630 1572 1673 ἀπὸ
1591 1630 1743 1687 Τροίας

421 1709 444 1749 ὁ
474 1704 695 1754 Μενέλαος
721 1705 1016 1758 ἀνακομισθεὶς
1041 1706 1149 1759 ἑώρα
1176 1707 1252 1758 τὴν
1275 1704 1413 1761 ἀληθῆ
1434 1705 1612 1762 “Ελένην
1631 1709 1745 1763 παρὰ

423 1785 482 1837 τῷ
515 1784 696 1836 Πρωτεῖ,
740 1780 810 1821 καὶ
848 1778 1093 1823 καταλιπὼν
1135 1781 1205 1822 ἐπὶ
1250 1785 1322 1834 τῆς
1360 1781 1461 1831 νεὼς
1500 1784 1547 1824 τὸ
1590 1783 1746 1838 ἐκείνης

425 1856 659 1910 εἴδωλον,
696 1856 787 1910 περὶ
820 1845 870 1897 οὗ
900 1854 1095 1910 δεκαέτης
1123 1855 1294 1910 συνέστη
1324 1855 1498 1911 πόλεμος
1520 1880 1583 1890 -
1601 1883 1655 1891 —
1680 1858 1747 1900 ὅτε

425 1930 646 1980 Μενέλαος
678 1931 862 1986 συνεώρα
887 1930 952 1972 ὅτι
984 1928 1259 1974 ἀπολέλοιπεν
1290 1933 1336 1975 ἐν
1366 1937 1417 1987 τῇ
1444 1935 1516 1988 νηὶ·
1541 1931 1747 1986 φυλαττο·

423 2006 555 2063 μένην
581 2008 657 2060 τὴν
678 2004 873 2061 Ἑλένην.
905 2007 976 2047 καὶ
1006 2006 1079 2048 οὐκ
1100 2006 1316 2049 ἀπίθανον
1342 2006 1420 2061 μέν
1440 2010 1550 2051 ἐστιν
1569 2007 1748 2063 Ἑλένην

423 2086 478 2137 μὴ
507 2078 613 2126 εἶναι
639 2085 714 2136 τὴν
742 2082 810 2124 ἐπὶ
837 2085 908 2134 τῆς
936 2084 1076 2136 Φάρου
1107 2082 1365 2136 εὑρεθεῖσαν,
1395 2085 1618 2137 φάντασμα
1642 2082 1687 2127 δέ
1707 2101 1748 2126 τι

425 2160 496 2201 καὶ
529 2158 757 2211 δαιμόνιον,
781 2155 858 2197 ubi
879 2170 920 2198 v.
944 2169 1053 2212 quae
1075 2155 1296 2196 annotavit
1316 2154 1552 2200 Fabricius.

485 2230 665 2274 Famam
705 2228 760 2273 de
803 2228 994 2272 Helenae
1044 2228 1272 2272 simulacro
1316 2229 1447 2272 habet
1487 2229 1747 2290 Lycophron

426 2322 598 2366 quoque
629 2307 672 2347 in
704 2304 963 2348 Alexandra
980 2336 991 2358 ,
1025 2304 1085 2346 ita
1106 2314 1250 2346 tamen
1273 2315 1320 2346 ut
1341 2304 1584 2348 confudisse
1603 2304 1747 2348 videa-

425 2394 496 2427 tur
517 2380 731 2426 Herodoti
758 2391 801 2424 et
821 2378 1037 2439 Euripidis
1059 2379 1323 2423 narrationes
1340 2413 1352 2435 ‚
1387 2380 1550 2440 fingens
1567 2413 1579 2435 ,
1615 2380 1746 2424 Hele-

426 2473 527 2501 nam
561 2473 584 2500 a
620 2454 776 2499 Paride
811 2453 983 2514 quidem
1021 2464 1214 2514 raptam,
1248 2453 1324 2498 sed
1357 2455 1439 2516 ipsi
1472 2455 1517 2498 in
1545 2456 1747 2517 Aegypto

428 2550 452 2575 a
472 2534 633 2575 Proteo
654 2531 893 2582 ademtam,
929 2546 951 2571 a
979 2546 1066 2588 quo
1099 2531 1268 2575 εἴδωλον
1290 2530 1481 2574 Helenae
1501 2532 1717 2591 acceperit
1737 2546 1747 2573 :

429 2608 484 2653 cf.
506 2624 586 2652 vss.
614 2604 843 2660 113-145
864 2639 876 2661 ,
900 2606 945 2648 in
967 2606 1140 2666 primis:

695 2769 826 2810 κεῖνός
854 2766 1055 2820 (Proteus)
1086 2781 1132 2804 σε
1160 2765 1383 2820 (Paridem)

700 2837 964 2886 ἑπεςβολήσας
996 2838 1114 2887 λυγροὶ
1142 2845 1308 2885 νοσφιεῖ
1332 2838 1476 2889 γάμων.
