2037 3619
871 379 935 421 ’77

256 515 330 569 45.
356 519 402 568 4.
424 514 587 574 Klein.)
605 518 675 560 καὶ
697 519 769 562 τὸν
782 519 861 572 μὲν
874 518 1128 575 Στησίχορον
1143 542 1205 553 —-
1217 517 1340 562 ἄλλοι
1361 518 1408 563 δέ
1427 534 1533 570 τινες
1545 552 1559 574 ,

253 594 309 642 ὥς
334 591 565 649 ἁρπασθείη
581 593 658 648 μὲν
675 591 827 650 Ἑλένη
847 594 926 637 ὑπὸ
949 597 1020 637 τοῦ
1038 593 1337 652 Ἀλεξάνδρου,
1373 593 1492 651 δεῦρο
1516 595 1560 638 δὲ

250 667 350 724 παρ’
382 673 486 723 ἡμᾶς
518 671 573 719 εἷς
607 670 832 724 Αἴγυπτον
874 665 1069 726 cimento:
1103 670 1252 728 quibus
1274 668 1328 712 ad
1360 657 1561 713 Herode}

252 749 343 785 tum
374 744 560 803 respicit.

311 817 557 879 Euripidem
594 821 639 862 in
672 820 753 863 hac
774 818 829 863 de
853 819 1016 863 Helena
1035 819 1149 863 fama
1173 819 1430 864 celebranda
1451 820 1558 864 Tra-

247 893 330 952 gici
352 895 455 936 nulli
476 894 673 937 videntur
695 910 784 937 esse
806 896 939 937 secuti
961 910 971 937 :
1000 894 1114 952 quod
1138 901 1279 937 tamen
1295 894 1470 938 difficile
1491 907 1555 939 est

246 967 457 1011 affirmare
476 1000 488 1023 ‚
522 969 776 1029 paucissima
792 984 921 1026 quum
946 969 1155 1026 supersint
1177 985 1326 1011 eorum
1347 970 1553 1030 fragmen-

248 1052 317 1097 ta,
340 1053 384 1085 et
403 1058 529 1101 saepe
550 1043 655 1085 nihil
677 1043 753 1085 nisi
779 1042 1018 1085 fabularum
1042 1042 1164 1084 tituli.
1226 1042 1262 1084 F
1265 1043 1326 1085 uit
1346 1043 1552 1104 Diogenis

244 1116 333 1175 (Ol.
355 1117 445 1176 94.)
467 1118 656 1172 Helena,
681 1117 829 1160 drama
847 1116 1025 1159 fortasse
1045 1119 1274 1176 satyricum
1295 1118 1355 1176 (v.
1380 1119 1547 1162 Welck.

249 1189 326 1234 Gr.
343 1191 414 1234 Tr.
425 1206 469 1250 p.
488 1190 657 1249 1036.);
677 1190 757 1233 fuit
770 1189 1018 1233 Timosithei
1035 1189 1127 1235 Ἑλ.
1140 1192 1356 1249 ἀπαίτησις
1372 1191 1431 1251 (ν.
1443 1191 1547 1237 ibid.

243 1280 287 1324 p.
313 1266 487 1323 1046.);
514 1265 567 1309 de
594 1266 743 1324 quibus
766 1265 871 1308 nihil
892 1265 981 1308 fere
1011 1278 1191 1310 constat.
1216 1291 1270 1298 —
1291 1266 1547 1310 Theodectis

244 1354 412 1397 quoque
433 1340 512 1382 fuit
533 1340 697 1383 Helena
715 1372 725 1391 ,
761 1340 878 1382 cuius
894 1338 1081 1383 Fabulae
1099 1340 1143 1381 hi
1164 1352 1385 1398 supersunt
1404 1356 1547 1389 versus

242 1413 374 1472 (apud
395 1414 524 1456 Arist.
546 1413 675 1456 Polie.
697 1414 734 1457 I.
761 1428 803 1456 2.
825 1412 925 1471 19.).

425 1528 551 1564 Θείων
578 1524 614 1562 δ’
642 1522 725 1560 (ἐπ”
742 1521 892 1573 ἀμφοῖν
920 1522 1078 1574 ἔκγονον
1106 1521 1333 1573 ριζωμάτων

424 1597 486 1635 τίς
513 1594 560 1630 ἄν
589 1601 816 1644 προςειπεῑν
842 1592 1028 1634 ἀξιώσειε
1055 1593 1192 1641 λάτριν
1203 1605 1224 1637 ,-

240 1729 293 1756 ex
326 1714 477 1771 quibus
499 1712 674 1756 conficit
694 1711 946 1755 Welekerus
965 1710 1029 1769 (ll.
1050 1727 1097 1770 p.
1127 1710 1273 1769 1074..)
1288 1743 1300 1766 ‚
1331 1711 1440 1754 hanc
1458 1711 1537 1755 Fa-

238 1787 385 1830 bulam
419 1803 507 1829 non
545 1787 794 1847 pertinuisse
827 1786 881 1829 ad
918 1786 1127 1829 Helenam
1157 1786 1202 1828 in
1224 1785 1418 1845 Aegypto
1452 1802 1541 1829 ver-

240 1872 405 1904 santem
427 1876 438 1904 :
472 1862 516 1903 in
535 1862 731 1920 Aegypto
752 1861 865 1903 enim
889 1876 975 1902 non
998 1860 1139 1915 λάτριν
1166 1859 1290 1902 fuisse
1313 1859 1535 1904 Helenam.

242 1935 302 1978 At
330 1951 433 1979 vero
466 1934 617 1978 similia
636 1933 689 1977 de
712 1950 756 1977 se
776 1934 866 1993 ipsa
885 1933 1110 1993 profitetur
1131 1933 1294 1977 Helena
1311 1935 1355 1976 in
1377 1934 1539 1994 Euripi-

238 2009 301 2052 dis
325 2010 556 2069 cognimini
577 2009 736 2051 Fabula
758 2008 836 2066 (vs.
860 2007 978 2065 282.)

398 2123 547 2169 δούλη
575 2121 787 2167 καθέστηκ’
818 2116 903 2158 οῧσ’
932 2119 1151 2169 ἐλευθέρων
1178 2117 1267 2156 ὅποι

395 2193 443 2229 τὰ
470 2190 674 2242 βαρβάρων
702 2190 774 2242 γάρ
801 2189 925 2228 δοῦλα
952 2190 1078 2226 πάντα
1105 2188 1203 2236 πλήν
1232 2188 1332 2231 ἕνος.

233 2310 300 2353 Illi
322 2310 448 2370 igitur
467 2316 581 2352 certe
603 2306 856 2351 Theodectis
876 2321 1018 2349 versus
1048 2321 1134 2348 non
1157 2305 1422 2366 impediunt,
1444 2322 1529 2366 quo

233 2388 370 2429 minus
392 2386 596 2428 Helenam
620 2386 665 2426 in
686 2383 883 2441 Aegypto
904 2393 1137 2424 versantem
1156 2381 1305 2423 fecerit
1325 2380 1475 2426 Poeta.

294 2459 363 2503 Ad
397 2459 641 2518 Euripidem
677 2458 888 2516 respicere
921 2456 1046 2498 etiam
1070 2454 1235 2497 videtur
1258 2455 1460 2499 Aristides
1482 2457 1527 2500 in

232 2536 473 2581 Panathen.
514 2535 574 2594 (p.
614 2549 714 2577 212.
754 2530 903 2591 Dind.)
935 2535 1018 2575 τῶν
1054 2537 1234 2587 ποιητῶν
1265 2532 1365 2585 φασί
1396 2550 1528 2589 τινες,

227 2737 429 2772 ἐλθοῦσαν·
453 2735 632 2779 γενέσθαι
655 2733 699 2768 δὲ
723 2734 866 2775 ἀφανῆ,
892 2730 964 2764 τῶν
985 2728 1155 2769 ἀδελφῶν
1179 2730 1448 2769 ἕπιφανι-’ντωνε
1473 2732 1534 2764 nisi

219 2796 301 2843 quod
339 2797 372 2828 in
407 2795 523 2827 Oreste
559 2805 620 2825 non
645 2793 823 2829 Dioscur0s‚
854 2788 903 2820 sed
938 2787 1110 2831 Apollinem
1141 2797 1286 2830 apparere
1318 2786 1395 2819 dicit
1431 2788 1531 2821 Poeta.

224 2856 334 2888 Melius
355 2855 473 2886 Tzetzes
495 2849 532 2884 ad
558 2851 711 2893 Lycophr.
735 2860 778 2881 vs.
804 2848 891 2886 822,
916 2846 957 2878 cf.
983 2846 1063 2877 infra
1089 2857 1120 2888 p.
1145 2846 1201 2877 80.
