2037 3617
1097 352 1155 396 88

1062 487 1122 532 VI
1166 520 1180 534 .

517 562 648 619 Quod
676 562 957 607 Comicorum
985 574 1101 619 erat,
1124 489 1179 607 1iil
1207 564 1435 625 Euripides
1463 582 1636 628 quoque
1655 566 1780 624 fecit,

456 649 505 684 ut
526 637 580 683 ad
597 653 670 683 res
691 654 830 699 nuper
850 645 991 699 gestas
1009 638 1256 699 respiceret.

1076 712 1157 758 lx.

514 787 613 831 Iure
645 786 958 848 Aristophanes
988 785 1117 846 (Rau.
1146 785 1471 849 1230—1277.)
1494 788 1681 850 exagitat
1699 791 1783 836 Eu·

454 861 604 923 ripidis
624 861 851 922 PrologOS.

1087 936 1144 983 X.

511 1011 687 1072 Tragici
719 1010 875 1055 Graeci
906 1026 995 1055 non
1022 1021 1113 1055 tam
1133 1012 1327 1056 novitate
1347 1013 1616 1074 argumenti,
1649 1028 1779 1073 quam

452 1087 543 1130 eius
564 1087 825 1130 tractatione
846 1085 1020 1146 placere
1038 1084 1285 1131 studebant.

1077 1160 1159 1206 XI.

508 1236 639 1280 Nulla
659 1236 818 1280 veritas
834 1235 1043 1279 historica
1060 1236 1173 1279 inest
1192 1236 1346 1280 Dionis
1363 1237 1658 1297 Chrysostomi
1678 1253 1777 1283 ora·

450 1312 559 1356 tioni
585 1313 686 1355 ΧΙ·ο
704 1314 808 1369 ὑπὲρ
824 1316 895 1356 τοῦ
913 1310 1053 1357 Ἴλιον
1069 1316 1125 1368 μὴ
1142 1311 1322 1358 ἁλῶναι.

1067 1387 1167 1431 XII.

511 1463 562 1506 In
581 1462 758 1505 Terent.
790 1461 977 1520 Adelph.
1010 1461 1068 1505 Π.
1108 1477 1149 1506 1.
1183 1460 1266 1505 30:

447 1541 541 1582 ΑΕ.
566 1541 608 1581 Si
619 1541 713 1581 satis
723 1540 805 1579 iam
818 1539 1110 1592 debacchatus,
1123 1539 1218 1581 leno
1226 1571 1238 1592 ,
1250 1554 1311 1593 es,
1324 1540 1422 1581 audi
1433 1539 1467 1581 si
1480 1541 1541 1581 vis
1552 1554 1665 1582 nunc
1677 1540 1773 1584 iam.

450 1611 536 1652 SA.
559 1609 670 1664 Egon
686 1609 961 1651 debacchatus
978 1623 1070 1650 sum
1087 1615 1225 1651 autem
1233 1641 1246 1662 ‚
1265 1623 1319 1651 an
1336 1615 1383 1651 tu
1406 1611 1451 1651 in
1468 1612 1561 1652 me?
1589 1632 1644 1642 —

449 1682 702 1746 legendum:

446 1765 560 1819 Egon
586 1764 862 1806 debacchatus
887 1776 978 1804 sum
1004 1765 1052 1803 in
1078 1772 1136 1815 te,
1165 1777 1218 1805 an
1245 1770 1292 1805 tu
1318 1765 1363 1804 in
1389 1766 1483 1806 me?

1050 1833 1171 1879 XIII.

505 1910 556 1953 In
588 1909 710 1969 Virg.
742 1909 928 1954 Aeneid.
962 1909 995 1953 I.
1029 1923 1143 1969 217:

498 1990 714 2044 Postquam
740 1994 900 2030 exemta
918 1989 1045 2030 sames
1066 1989 1217 2044 epulis,
1242 2003 1490 2045 mensaeque
1507 1995 1706 2032 remotae:

496 2059 671 2100 Amissus
694 2059 818 2112 longo
841 2059 968 2100 socios
990 2071 1177 2100 sermone
1196 2059 1429 2112 requirunt.

445 2133 672 2196 probanda
703 2134 980 2178 coniectura:

498 2214 676 2255 Amissos
701 2214 826 2267 longo
853 2213 979 2255 socios
1005 2214 1175 2254 clamore
1201 2213 1429 2267 requirunt.

1051 2281 1173 2329 XIV.

504 2360 554 2402 In
578 2358 700 2418 Virg.
732 2360 846 2402 Aen.
876 2357 934 2402 Χ.
968 2372 1082 2401 102:

501 2460 556 2468 —
571 2437 628 2479 Eo
644 2437 809 2478 dicente
828 2436 953 2477 defim
972 2436 1118 2499 doinus
1135 2436 1216 2477 alta
1236 2435 1397 2488 silescit,

500 2506 549 2546 Et
566 2504 803 2545 tremefacta
822 2504 907 2545 solo
927 2504 1050 2545 tellus
1056 2520 1068 2558 3
1089 2504 1183 2545 silet
1203 2504 1356 2561 arduus
1378 2504 1538 2558 aestum-5

448 2578 755 2623 restituendum
777 2590 863 2622 est:

499 2659 549 2699 Et
577 2657 812 2699 tremefacta
837 2658 929 2699 silet
955 2657 1098 2711 tellus;
1128 2652 1220 2698 silet
1248 2656 1400 2699 arduus
1425 2658 1578 2700 aether.

1018 2819 1230 2842 -ο-
