2037 3619
731 643 1063 718 Tumens,

876 932 911 976 Ι.

306 1025 447 1091 Fama
489 1047 544 1092 de
581 1049 769 1105 Helena,
820 1065 947 1108 quam
977 1048 1171 1110 prodidit
1208 1049 1456 1096 Herodotus
1488 1052 1546 1097 11.

250 1138 503 1179 112—120,
536 1123 658 1167 latuit
688 1124 941 1169 Homerum.

868 1198 927 1242 11.

302 1271 485 1315 Fallitur
516 1271 866 1329 Valckenaerius,
906 1272 1178 1317 Herodotum
1213 1275 1269 1319 11.
1315 1291 1412 1319 112.
1449 1291 1544 1334 sqq.

241 1347 528 1389 narrationem
567 1345 622 1390 de
657 1346 821 1390 Helena
848 1348 894 1390 in
927 1347 1125 1408 Aegypto
1161 1357 1459 1393 commorante
1491 1364 1547 1393 ex

239 1420 441 1481 Euripide
472 1422 718 1481 cognovisse
748 1422 1004 1466 existimans.

384 1498 386 1504 '
850 1495 929 1539 111.

298 1568 521 1629 Euripidae'
548 1569 765 1612 Electram
795 1568 943 1612 docuit
971 1568 1146 1628 Olymp.
1177 1583 1252 1626 91.
1282 1571 1326 1622 4.

852 1641 931 1686 IV.

295 1716 445 1760 Glossa
486 1715 543 1760 ad
584 1716 799 1776 Lycophr.
841 1714 1081 1760 Alexandr.
1121 1730 1185 1761 vs·
1226 1716 1327 1762 822.
1370 1716 1542 1778 (fragm.

233 1791 437 1836 XXXIX.
480 1789 659 1835 Hesiod.
706 1788 778 1835 ed.
817 1788 1072 1850 Goettling.)
1148 1793 1320 1847 Πρῶτος
1347 1791 1541 1844 ‘Hesiodus-

236 1870 328 1926 περὶ
357 1873 427 1924 τῆς
457 1866 629 1924 Ἑλένης
657 1868 703 1910 τὸ
732 1865 901 1911 εἴδωλον
927 1872 1152 1922 παρήγαγε·
1181 1867 1242 1910 sic
1276 1868 1536 1928 corrigatur:

238 1949 319 2001 Πρ.
350 1943 672 2000 Στησίχορος
698 1957 743 1985 π.
774 1957 812 1983 τ.
840 1939 934 1984 ‘BL
965 1940 1125 1994 λέγων
1153 1942 1200 1984 τὸ
1230 1940 1383 1985 εἴδζπ.

771 2036 773 2039 ν
847 2012 934 2058 ·V..

291 2089 492 2134 Nondum
507 2089 704 2132 refutavit
718 2088 983 2132 Hei-mannus
1001 2087 1057 2131 ad
1073 2089 1222 2148 Eurip.
1241 2088 1392 2133 Helen.
1411 2104 1473 2133 vs.
1498 2105 1534 2133 ι.

237 2182 332 2222 eos,
369 2166 441 2224 qui
484 2164 804 2222 καλλιπάρθενοι
838 2164 930 2222 ῥοαί
961 2178 1098 2222 puras
1127 2178 1263 2222 aquas
1299 2163 1542 2224 significare

215 2239 444 2284 dixerunt.
613 2248 615 2250 '
708 2243 711 2245 ’

844 2310 922 2356 VI.

294 2390 345 2433 In
365 2389 466 2432 Eur.
499 2387 648 2432 Helen.
678 2401 740 2430 vs.
770 2400 815 2444 9.
848 2400 978 2444 quum
1005 2384 1104 2428 libri
1132 2384 1317 2429 habeant

397 2486 664 2534 Θεοκλύμενον
689 2480 821 2534 ἄρσειθ
848 2481 911 2520 ὅτι
937 2480 985 2530 δὴ
1010 2482 1135 2523 θεοὺς
1162 2479 1288 2531 σέβων

236 2566 459 2629 legendum
487 2565 676 2609 videtur:

399 2665 666 2714 Θεοκλύμενον
695 2660 957 2713 ὥομ’.,ἄρσυ’
988 2660 1051 2699 ὅτι
1078 2660 1201 2701 θεοὺς
1226 2658 1368 2709 σέβων.

836 2757 933 2801 Vll.

295 2836 419 2881 Falso
426 2834 649 2896 Euripides
656 2834 702 2878 in
710 2831 954 2894 Tragoediis
962 2835 1220 2889 μισογόναιος
1229 2828 1354 2873 fuisse
1362 2827 1446 2874 dici
1451 2840 1530 2875 tur.
