2037 3619
1066 379 1125 422 36

421 516 733 578 Aegyptiorum
746 511 1021 557 sacerdotum
1037 511 1153 573 apud
1166 507 1441 558 Herodotum
1456 513 1749 558 narrationem

422 593 633 652 originem
649 589 805 632 debere
817 586 1083 631 Palinodiae.
1092 611 1150 622 —
1159 587 1221 630 Ut
1231 597 1373 632 autem
1386 590 1434 632 in
1448 590 1620 636 εἰδώλου
1633 604 1748 633 com·

423 676 572 710 mento
603 663 662 705 ob
691 662 842 705 oculos
871 662 1070 705 habuisse
1093 661 1363 705 Stesichorus
1388 663 1556 708 videtur
1577 665 1750 709 Aeneae

426 739 599 785 εἴδωλον
616 738 663 780 in
678 737 860 781 Homeri
868 737 1008 780 Iliade
1022 737 1105 798 (1),
1125 737 1195 781 vel
1216 737 1373 781 similes
1392 737 1668 796 traditiones3
1690 740 1752 783 ita

427 828 558 872 quum
568 811 779 855 Helenam
796 812 843 853 in
850 812 1049 871 Aegypto
1064 811 1322 868 collocaret,
1333 812 1566 871 respexisse
1580 813 1751 857 videtur

419 888 566 931 locum
604 886 727 929 illum
758 886 1070 942 Homericum,
1105 901 1191 945 quo
1220 886 1564 931 Menelaus‘cum
1582 886 1751 932 Helena

421 962 470 1006 in
489 963 733 1024 Aegyptum
759 963 877 1006 venit
901 972 1001 1023 post
1027 961 1189 1007 bellum
1212 961 1464 1007 Troianum.
1526 961 1751 1019 Fortasse,

423 1035 789 1096 quemadmodum
811 1036 1045 1096 'Euripides
1058 1069 1071 1092 ,
1105 1053 1158 1081 ex
1190 1038 1389 1098 Aegypto
1410 1038 1639 1098 repetitam
1660 1053 1751 1082 esse

424 1113 638 1157 Helenam
659 1113 715 1156 ab
734 1112 961 1168 Menelao,
985 1111 1107 1156 finxit
1121 1111 1409 1169 Stesichorus3
1429 1112 1609 1157 fortasse
1621 1112 1753 1174 Spar-

423 1196 513 1230 tam
551 1202 725 1230 reversa
758 1186 949 1242 Helena,
984 1201 1116 1245 quum
1149 1197 1369 1246 peteretur
1396 1188 1451 1231 ab
1471 1188 1642 1248 Argivis
1663 1187 1750 1247 (2),

426 1261 500 1321 qui
522 1261 569 1305 in
589 1261 767 1305 Troiam
785 1261 953 1306 venisse
976 1276 1072 1305 eam
1094 1271 1317 1321 putarent,
1337 1261 1494 1305 iterum
1515 1262 1571 1306 ab
1593 1261 1689 1316 Diis·
1705 1263 1752 1305 in

427 1340 572 1380 aerem
610 1336 797 1392 sublata,
829 1336 925 1379 Dea
957 1336 1074 1379 facta
1106 1336 1348 1397 legebatur,
1369 1352 1455 1396 qua
1480 1338 1526 1380 in
1554 1352 1603 1381 re
1622 1335 1753 1380 Stesi-

428 1412 611 1455 chorum
634 1412 823 1455 imitatus
844 1411 974 1455 fuerit
1001 1410 1228 1471 Euripides
1254 1412 1300 1455 in
1329 1411 1415 1455 fine
1441 1412 1644 1465 Orestae3
1669 1411 1754 1455 for-

426 1493 538 1530 tasse
567 1487 612 1530 in
643 1486 784 1530 Leuce
806 1485 944 1529 insula
965 1485 1105 1529 Deam
1135 1485 1295 1529 factam
1316 1500 1406 1529 esse
1437 1485 1647 1530 Helenam
1669 1485 1754 1546 (3),

427 1561 550 1604 finxit
571 1562 730 1604 Poeta:
757 1572 802 1604 et
823 1561 885 1603 sic
907 1575 1042 1620 porro
1064 1561 1199 1603 multa
1220 1560 1324 1603 licet
1345 1560 1563 1604 coniicere
1581 1592 1594 1616 ,
1615 1575 1756 1621 pauca

435 1635 676 1692 affirmare3
697 1651 836 1695 neque
856 1635 989 1679 facile
1011 1635 1103 1694 quis
1123 1635 1269 1679 lucem
1289 1635 1440 1679 afferet
1456 1635 1523 1678 his
1541 1636 1752 1690 tenebris,

429 1709 513 1753 nisi
535 1709 608 1768 qui
628 1724 765 1752 novos
785 1708 840 1752 de
861 1708 1098 1752 Stesichori
1115 1707 1341 1752 Palinodia
1359 1708 1643 1769 exploraverit
1663 1709 1757 1752 fon-

434 1791 524 1838 tes3
559 1784 677 1842 quod
717 1799 872 1827 vereor
887 1815 900 1839 ,
934 1799 990 1827 ne
1028 1784 1074 1825 in
1110 1794 1232 1827 tanta
1266 1794 1461 1827 veterum
1499 1784 1758 1843 scriptorum

430 1857 597 1902 iactura
626 1872 848 1918 uunquam
868 1857 923 1901 sit
941 1856 1146 1902 futurum.

471 2026 521 2072 (1)
545 2028 649 2061 Iliad.
663 2028 699 2062 V.
720 2029 801 2063 449.
828 2030 876 2063 ef.
900 2041 994 2075 supra
1007 2030 1109 2074 p.13.
1121 2054 1132 2073 ,
1155 2028 1215 2065 ubi
1233 2029 1313 2063 male
1332 2029 1515 2075 impressum
1524 2030 1568 2064 Il.
1581 2029 1608 2064 I.

475 2084 524 2126 (2)
548 2084 596 2116 Cf.
621 2095 715 2128 supra
735 2097 767 2129 p.
780 2087 838 2118 24.

475 2138 525 2183 (3)
549 2139 634 2172 Haec
665 2140 730 2172 fere
762 2142 868 2186 magni
901 2142 1070 2175 Hermanni
1105 2143 1170 2175 suit
1204 2143 1357 2175 sententia
1388 2143 1423 2176 in
1452 2143 1551 2188 praef.
1583 2141 1623 2176 ad
1645 2144 1763 2177 Helen.

428 2208 464 2241 p.
489 2193 570 2238 IX.,
593 2197 639 2229 ita
662 2203 788 2240 tamen,
811 2205 849 2230 ut
873 2209 935 2231 non
955 2201 1092 2244 primum
1115 2200 1150 2232 in
1170 2201 1366 2246 Aegyptum,
1389 2200 1442 2234 sed
1466 2202 1572 2234 statim
1587 2201 1622 2233 in
1642 2201 1765 2235 Leucon

430 2252 566 2285 insulam
590 2252 632 2286 ab
650 2254 757 2299 aliquo
783 2254 911 2290 deorum
931 2267 994 2289 esse
1016 2256 1197 2291 translatam
1220 2256 1390 2302 Helenam,
1417 2258 1544 2292 finxerit
1563 2256 1765 2291 Stesichorus.

431 2310 475 2344 cf.
499 2322 592 2356 supra
612 2324 645 2356 p.
664 2314 721 2347 27.
