2037 3619
924 372 979 416 45

291 509 458 553 ratione
486 515 531 550 te
547 507 783 555 honoravi.
813 508 887 556 Ne
909 523 1012 554 vero
1043 509 1264 568 quisquam
1292 517 1497 566 tanquam
1524 513 1609 558 τοῖς

295 580 343 628 εὖ
355 586 570 639 φρονοῦσιν
585 581 840 644 intelligeret
852 615 865 639 ,
890 583 1069 634 cavebat
1080 615 1093 639 ,
1112 583 1187 643 qui
1202 583 1446 644 Antigonae
1465 592 1607 642 partes

292 656 448 718 agebat
465 657 613 703 histrio
624 691 637 715 ,
648 658 874 704 subsistens
886 657 1123 719 paullulum
1140 668 1239 713 ante
1255 656 1516 714 vocabulum
1537 654 1603 712 εὖ,

293 745 470 790 eamque
484 732 620 792 ipsam
636 734 989 793 pronuntiatione
1004 747 1199 792 premens
1221 732 1239 792 (
1246 732 1301 792 1).
1342 733 1443 777 Hoc
1462 732 1499 776 si
1524 748 1606 776 nos
1680 763 1686 768 „

290 818 461 864 quoque
487 804 691 850 faciemus
705 837 718 860 ,
741 806 861 849 nulla
882 806 965 850 erit
984 805 1259 866 ambiguitas,
1285 821 1417 866 quum
1436 809 1479 852 οἱ
1504 823 1603 866 φρο-

287 884 474 936 νοῦντες,
503 896 593 940 non
626 878 770 924 addita
804 878 1007 924 adverbio
1028 877 1097 936 εὖ,
1120 896 1200 940 per
1219 896 1265 924 se
1284 880 1371 924 iam
1389 880 1602 942 significet

276 955 510 1014 prudentes
527 986 541 1010 ,
585 960 814 1014 sapientes.
888 954 1019 1009 Quod
1059 954 1215 998 deinde
1258 956 1410 999 obiicit
1451 955 1601 999 Schol-

285 1028 365 1073 lius
378 1062 391 1086 ‚
421 1029 468 1072 in
495 1028 689 1088 sequenti
717 1043 843 1072 versu
862 1028 996 1073 verba
1017 1028 1105 1075 οὔτ’
1128 1031 1188 1075 ’ἄν
1222 1026 1419 1088 (pessime
1441 1027 1486 1072 in
1508 1029 1598 1072 eius

280 1103 395 1146 libro
416 1104 665 1163 typothetae
691 1114 799 1163 puto
826 1105 984 1161 errore:
1003 1105 1208 1163 scriptum
1240 1113 1305 1146 est
1335 1100 1422 1148 οὔτ’
1453 1099 1525 1162 ἄν)
1563 1107 1600 1148 εἰ

279 1177 435 1225 τέκνων
465 1183 595 1237 μήτηρ
622 1179 727 1235 ἔφυν
762 1177 984 1223 dimidiam
1019 1188 1185 1231 tantum
1221 1181 1461 1239 exprimere
1498 1194 1595 1223 sen-

278 1254 479 1310 tentiam,
512 1254 714 1310 alteram,
751 1269 878 1313 quam
914 1254 1093 1313 requirit
1123 1253 1198 1297 ille
1212 1285 1227 1309 ‚
1259 1250 1482 1305 dimidiam
1518 1264 1593 1298 net

281 1328 441 1371 mortui
473 1327 509 1370 si
542 1338 681 1371 essent
708 1326 755 1370 hi
784 1326 909 1369 liberi
919 1325 954 1382 ,”
975 1326 1103 1385 facile
1123 1322 1311 1386 suppleri
1332 1341 1457 1385 posse
1477 1327 1591 1370 arbi·

278 1411 374 1444 tror
411 1416 463 1443 ex
504 1415 568 1459 sq.
597 1416 661 1445 vs.
695 1401 781 1445 οὔτ’
817 1403 854 1443 εἶ
888 1404 1005 1457 nocte
1034 1413 1108 1456 μοι
1147 1389 1374 1445 acervandi»
1412 1404 1588 1456 ἐτήκετο.

279 1475 389 1520 Satis
427 1474 580 1536 frigide
616 1475 752 1521 Poeta
792 1473 1014 1537 additurus
1053 1485 1168 1531 erat,
1211 1472 1328 1535 quod
1367 1484 1590 1536 praeterea

278 1549 488 1594 desiderat
500 1549 731 1606 sebonius,
749 1559 820 1593 »et
836 1549 871 1592 si
892 1548 1091 1610 insepulti
1111 1549 1342 1593 iaceren't”:
1367 1565 1513 1594 nonne
1534 1566 1587 1594 ex

273 1625 391 1668 his»
373 1625 435 1668 »si
465 1624 623 1667 mortui
656 1634 821 1680 essent,
849 1639 939 1667 non
971 1623 1225 1684 sepelirem”
1255 1624 1354 1667 satis
1373 1640 1585 1685 superque

271 1699 431 1759 liquet,
462 1697 696 1758 insepultos
735 1696 856 1742 esse?
911 1683 1029 1742 Num
1055 1698 1257 1742 omissum
1288 1697 1399 1742 illud
1418 1697 1586 1744 deside·

271 1772 512 1818 ramus?-
525 1772 676 1832 Neque
696 1788 766 1817 me
786 1773 833 1816 in
852 1760 1124 1837 sequentibus
1143 1773 1332 1838 versibus
1352 1773 1585 1834 quidquam

273 1847 482 1893 offendit.
517 1848 762 1912 tautologia
769 1847 832 1907 (2)
864 1848 910 1892 in
929 1848 980 1891 iis
1002 1863 1092 1892 non
1113 1849 1255 1893 maior
1274 1859 1360 1905 est,
1386 1865 1515 1909 quam
1536 1851 1582 1895 in

272 1924 361 1970 eius
399 1922 518 1968 modi
550 1922 686 1967 scenis
718 1923 884 1983 saepius
918 1922 1033 1983 apud
1066 1923 1274 1984 tragicos,
1308 1939 1447 1983 neque
1473 1925 1581 1968 illud

270 2000 489 2058 ἄλεκτρον,
522 1999 796 2055 ἀνυμέναιον,
836 2002 927 2044 οὔτε
947 2015 1035 2043 του
1061 2002 1195 2054 γάμου
1224 1998 1343 2054 μέρος
1373 1999 1581 2059 λαχοῦσαν

266 2090 357 2118 non
384 2073 584 2118 convenit
611 2073 852 2133 Antigonae
884 2071 1138 2118 conditioni.
1199 2073 1373 2127 aTalem
1402 2084 1578 2134 tamque

266 2149 468 2194 acerbam
501 2158 687 2193 mortem
715 2148 950 2192 moriturae
974 2147 1146 2208 virginis
1177 2148 1349 2207 querela
1378 2163 1468 2191 non
1488 2148 1574 2193 dis-

266 2223 414 2267 similis
435 2232 500 2266 est
519 2220 826 2281 Polyxenae'in
845 2220 949 2265 Eur.
971 2221 1080 2266 Heo.
1102 2236 1166 2266 vs·
1190 2224 1294 2276 411.
1317 2236 1381 2282 sq.
1404 2223 1574 2282 pietatis

265 2312 367 2342 suae
397 2296 479 2340 sibi
509 2294 733 2349 consciae,
764 2292 842 2339 sed
872 2303 1145 2360 praereptum
1169 2294 1406 2353 iuventutis
1419 2295 1571 2342 florem

302 2517 350 2561 (1)
373 2516 529 2559 Quantum
554 2516 663 2551 Graeci
680 2515 848 2552 tribuerint
860 2518 1132 2562 pronuntiationi,
1152 2488 1327 2563 quantaque
1348 2521 1383 2552 in
1403 2520 1483 2554 falsa
1500 2532 1576 2565 pro-

253 2574 447 2616 nuntiatione
478 2573 576 2607 inesse
599 2583 699 2622 saepe
729 2573 865 2622 potuerit
891 2573 1121 2628 ιώξςιιίιιι,.
1133 2575 1329 2609 notissimum
1355 2582 1403 2609 est
1433 2579 1576 2623 exemplo

253 2630 422 2676 Hegelochi
444 2630 623 2673 histrionis,
645 2631 822 2676 quimagno
841 2642 912 2664 cum
935 2625 1114 2666 auditorum
1133 2634 1200 2666 risu
1218 2623 1337 2678 γαλῆν
1354 2635 1576 2679 pronuntiabat

249 2700 307 2734 pro
327 2684 459 2733 γαλήν’
475 2689 510 2722 in
533 2685 592 2721 hoc
609 2698 721 2722 versu·
746 2688 803 2734 (νς
814 2685 917 2722 8οΙιο1.
936 2686 977 2722 'ad
998 2676 1071 2723 Bur.
1096 2688 1207 2723 Orm.
1225 2700 1271 2724 vs.
1291 2689 1386 2735 2⁶0.)

516 2764 556 2798 ἐκ
581 2765 751 2808 κυμάτων
772 2755 980 2813 γὰράῧθνς
1001 2755 1050 2800 αν
1072 2762 1204 2811 γαλήν’
1231 2765 1318 2814 ὄρὸ.

295 2845 345 2891 (2)
370 2845 483 2880 »Danu
498 2843 605 2891 fulgen
625 2843 677 2880 die
693 2844 921 2893 sehleppenden
937 2844 1027 2882 vm·
1044 2843 1111 2882 und
1131 2845 1377 2894 antelati-sehon
1392 2847 1549 2896 nagenae’
