2037 3619
1100 340 1155 382 62

462 474 676 518 videretur
705 473 863 515 famam
898 473 958 531 (v.
989 489 1050 515 vs.
1084 488 1209 532 1072.
1239 489 1366 533 supra
1399 493 1440 536 p.
1461 493 1530 522 22.
1563 477 1660 521 adn.
1691 478 1778 538 3.),

461 551 506 593 in
544 549 628 592 fine
667 554 814 590 tamen
856 546 1049 590 Fabulae
1078 547 1206 606 plane
1239 551 1552 608 ἀπροςδοκήτως
1585 553 1782 597 Dioscuri

463 625 559 681 (vss.
591 621 717 679 1289.
741 620 883 680 sqq.):

535 713 703 762 Ἑλένη,
732 712 954 764 inquiunt,
982 713 1174 764 Πρωτέως
1204 734 1259 743 -
1286 713 1330 751 ἐκ
1358 715 1490 764 δόμων

529 782 647 833 ἥκει,
676 784 872 822 hnuto*
905 784 1187 834 Αἴγυπτον,
1217 783 1316 823 οὐδ’
1348 779 1473 832 ἦλθε
1499 789 1702 839 Φρύγας.

532 855 633 896 Ζεύς
662 853 698 891 δ’
715 883 727 902 ,
755 852 808 896 ὡς
836 852 921 905 ἔρις
949 853 1107 905 γένοιτο
1136 855 1205 892 καὶ
1233 853 1357 902 φόνος
1385 853 1564 906 βροτῶν,

531 923 737 961 εἴδωλον
775 922 970 971 Ἑλένης
998 922 1187 973 ἐξέπεμψ’
1214 926 1274 966 εἰς
1303 924 1447 963 Ἴλιον.

513 1006 637 1062 Quae
654 1006 770 1051 fama
791 1007 919 1067 plane
939 1006 1144 1052 convenit
1165 1023 1265 1051 cum
1285 1023 1359 1064 ea,
1391 1022 1524 1067 quam
1544 1007 1590 1052 in
1611 1009 1779 1054 Helena

449 1081 645 1142 prodidit
667 1080 830 1134 Poeta,
862 1081 981 1124 cuius
998 1097 1107 1125 vero
1129 1082 1176 1124 in
1197 1081 1316 1125 nulla
1336 1082 1420 1126 alia
1439 1082 1665 1143 tragoedia
1686 1099 1778 1127 me·

448 1157 590 1202 minit.
638 1156 754 1200 Hinc
779 1158 1075 1201 coniecturam
1095 1156 1273 1216 capiens
1287 1189 1301 1214 ,
1320 1173 1452 1217 quum
1468 1157 1577 1201 nihil
1594 1157 1651 1203 -le
1669 1170 1780 1203 tem·

447 1247 557 1291 pore
586 1242 709 1274 actae
740 1231 943 1276 Electrae
969 1238 1165 1286 constet,
1203 1246 1293 1274 non
1326 1232 1389 1275 ita
1424 1231 1500 1275 diu
1533 1243 1634 1292 post
1656 1234 1780 1277 Hele-

450 1322 550 1349 nam
573 1317 715 1349 actam
732 1321 845 1361 esse,
867 1306 1085 1360 existimo,
1097 1306 1212 1348 hanc
1228 1305 1439 1350 Fabulam
1451 1322 1465 1362 ;
1479 1307 1544 1350 ita
1560 1314 1631 1363 ut,
1650 1322 1779 1366 quam

450 1396 588 1441 nuper
619 1381 758 1424 Poeta
785 1380 830 1423 in
857 1396 1031 1424 scenam
1062 1381 1311 1440 protulisset
1338 1380 1395 1425 de
1421 1381 1590 1426 Helena
1616 1382 1776 1427 famam

447 1458 708 1514 παράδοξον,
735 1457 800 1499 his
830 1457 875 1499 in
903 1456 1080 1498 Electra
1108 1456 1302 1499 versibus
1331 1456 1520 1500 voluerit
1541 1456 1775 1502 defendere

447 1542 490 1574 et
509 1532 556 1573 in
577 1530 828 1573 auditorum
847 1544 1059 1572 revocare
1082 1530 1355 1574 memoriam.

505 1606 566 1648 At
598 1620 704 1647 vero
740 1604 930 1646 rationes
962 1603 1190 1661 protulisse
1220 1602 1355 1647 video
1372 1603 1697 1648 Zirndorferum
1727 1605 1773 1649 in

450 1677 878 1738 ChronoIogiafabb.
901 1677 1103 1736 Euripid.
1125 1693 1170 1737 p.
1194 1677 1270 1721 63.
1294 1693 1391 1738 sqq.
1406 1709 1419 1735 ‚
1455 1679 1614 1739 quibus
1633 1690 1775 1723 osten·

445 1754 543 1809 dat,
590 1764 729 1796 actam
772 1769 864 1795 esse
897 1753 1119 1794 Electram
1162 1753 1342 1812 Olymp.
1382 1769 1456 1811 92.
1486 1769 1530 1799 2.
1562 1755 1595 1798 i.
1628 1770 1669 1798 e.
1702 1771 1775 1799 sex

444 1828 565 1871 annis
597 1833 697 1871 ante
725 1827 961 1871 Helenam:
997 1825 1088 1869 eius
1125 1832 1270 1870 tamen
1294 1839 1546 1889 argumenta
1568 1844 1656 1872 non
1679 1839 1777 1873 sunt

442 1915 530 1946 tam
555 1903 702 1957 firma,
734 1913 781 1944 ut
805 1902 908 1944 mihi
932 1900 1234 1961 persuadeant.
1316 1902 1450 1956 Quod
1484 1905 1599 1947 enim
1625 1905 1777 1948 attinet

442 1978 498 2023 ad
520 1978 714 2040 regulam
739 1977 860 2021 illam
876 2010 889 2033 ‚
930 1978 1049 2022 cuius
1081 1983 1243 2020 auctor
1265 1988 1331 2021 est
1358 1992 1538 2039 magnus
1563 1978 1777 2024 Herman-

439 2070 535 2109 nus,
554 2069 794 2112 »quamque
809 2052 1001 2094 fabulam
1019 2067 1073 2094 eo
1090 2053 1384 2095 recentiorem
1400 2068 1509 2108 esse,
1529 2069 1616 2112 quo
1633 2055 1774 2097 maior

440 2130 495 2171 sit
517 2132 719 2170 numerus
739 2126 1002 2172 solutionum
1023 2126 1256 2185 longarum
1280 2126 1566 2185 syllabarum,
1601 2144 1772 2187 quoque

439 2203 709 2263 frequentior
728 2216 825 2244 usus
848 2200 1065 2260 anapaesti
1085 2201 1129 2242 in
1149 2201 1326 2246 senariis
1348 2211 1393 2244 et
1416 2202 1696 2259 octonariis‚''
1710 2228 1770 2235 —

439 2278 635 2339 speciose
652 2275 826 2336 quidem
840 2276 913 2319 ille
934 2274 1037 2319 inde
1058 2275 1235 2319 conficit
1252 2290 1413 2321 annum
1426 2308 1438 2331 ,
1463 2291 1551 2335 quo
1575 2292 1774 2337 quaeque

440 2364 537 2396 acta
569 2353 624 2394 sit
653 2352 798 2394 fabula
806 2381 821 2404 ‚
854 2366 994 2409 neque
1022 2348 1222 2408 equidem
1252 2351 1519 2410 impugnabo
1549 2352 1768 2412 regulam:

440 2443 591 2472 verum
617 2434 785 2479 tamen,
818 2442 944 2472 »cum
975 2441 1111 2486 grano
1137 2425 1289 2478 salis‚''
1325 2437 1372 2470 ut
1399 2427 1491 2487 ipse
1519 2425 1627 2471 dicit
1654 2429 1774 2472 Zim-

446 2502 644 2545 dorferus
662 2502 708 2544 in
727 2501 871 2546 Praef.
891 2517 939 2561 p.
957 2500 1055 2556 VL,
1078 2500 1168 2543 eius
1190 2499 1312 2543 modi
1329 2500 1539 2547 utendum
1560 2513 1625 2546 est
1643 2516 1773 2563 argu·

443 2577 612 2621 mentis.
677 2577 797 2620 Licet
818 2578 934 2620 enim
956 2592 1009 2620 eo
1031 2577 1172 2621 maior
1193 2576 1315 2619 fieret
1335 2577 1598 2621 solutionum
1617 2594 1767 2622 nume-

441 2669 535 2707 rus,
573 2667 660 2711 quo
687 2652 767 2712 ipsi
797 2651 1130 2712 negligentiores
1155 2651 1314 2698 sensim
1341 2652 1583 2712 sensimque
1613 2652 1767 2696 fierent

442 2734 596 2787 poetae
612 2744 625 2783 3
642 2728 785 2787 potuit
800 2738 945 2770 tamen
957 2758 970 2782 ‚
986 2727 1067 2769 nisi
1083 2726 1231 2780 fallor,
1244 2725 1362 2769 idem
1380 2731 1511 2786 poeta
1530 2727 1763 2786 aliquando

444 2803 582 2845 minus
613 2818 703 2845 esse
736 2801 982 2861 negligens,
1031 2800 1227 2859 adeoque
1255 2802 1470 2846 minorem
1498 2803 1544 2846 in
1576 2802 1764 2846 versibus
