2037 3619
740 997 1170 1056 EPIMETRIJM.

391 1508 486 1574 His
511 1528 609 1571 iam,
623 1523 733 1587 typis
760 1526 858 1573 fere*
883 1527 1129 1587 deceptis,
1157 1527 1243 1572 =vi1=
1267 1527 1606 1574 Humanaamm

302 1599 541 1646 Bakhuizen
561 1592 647 1646 van
665 1599 755 1645 den·
770 1599 901 1646 Brink
925 1599 981 1645 ad
1001 1617 1072 1646 me
1091 1601 1208 1646 misit
1223 1601 1465 1662 Epistulam
1486 1618 1608 1649 suam

307 1674 505 1720 Cn'tieam
541 1672 599 1719 ad
636 1672 831 1719 Geelium
846 1706 860 1731 ,
892 1673 1046 1719 Virum
1078 1661 1372 1722 'Clarissimum
1387 1707 1403 1734 ‚
1434 1676 1489 1721 de
1524 1678 1613 1722 Ste-

299 1749 459 1794 sichon·
498 1749 750 1806 Pulsanda,
794 1748 1000 1807 Symbolis
1044 1765 1141 1794 eam
1187 1750 1414 1795 Licet-ariis
1449 1767 1610 1812 prope·

303 1823 420 1869 diem
448 1822 743 1869 inserendam:
773 1823 1055 1885 gratissimum
1082 1823 1281 1884 profecto
1302 1825 1407 1869 mihi
1428 1840 1608 1870 munus:

300 1912 467 1943 summa
503 1897 619 1942 enim
659 1896 839 1941 tenebar
870 1897 1193 1957 exspectatione
1208 1928 1223 1954 ,
1265 1913 1476 1958 quaenam
1514 1898 1609 1943 Viri

298 1970 580 2017 Eruditissimi
615 1970 671 2016 de
705 1971 793 2015 hoe
827 1971 1017 2016 carmine
1058 1978 1166 2016 esset
1201 1974 1425 2017 sententia.
1501 1973 1608 2019 Per-

298 2047 411 2091 lecta
439 2046 569 2106 igitur
597 2045 839 2104 relectaque
867 2044 1079 2104 Epistola,
1113 2059 1213 2088 cum
1238 2060 1447 2090 summam
1468 2045 1608 2091 admi-

299 2131 415 2166 ratus
443 2136 538 2165 sum
568 2119 709 2164 Latini
722 2119 929 2163 sermonis
950 2119 1225 2179 elegantiam,
1258 2130 1352 2162 tum
1373 2118 1467 2163 Viri
1487 2121 1606 2181 inge-

301 2196 412 2241 niosi
452 2195 619 2256 suspexi
671 2192 893 2238 doetrinae
938 2192 1257 2253 praestantiam.
1336 2191 1468 2249 Quod
1499 2211 1607 2239 vero

299 2272 434 2317 nihilo
461 2271 596 2316 secius
624 2271 670 2313 in
695 2283 817 2313 suam
842 2283 912 2312 me
938 2266 1186 2329 pertrahere
1215 2269 1470 2313 sententiam
1499 2285 1606 2314 non·

296 2348 400 2391 dum
444 2346 585 2407 potuit
625 2344 837 2396 Brinkius,
885 2358 1038 2387 vereor
1051 2374 1066 2397 ,
1116 2358 1172 2387 ne
1202 2343 1288 2387 mei
1319 2344 1405 2388 hoc
1436 2345 1600 2405 ingenii

302 2419 493 2466 tarditati
513 2418 680 2481 potius,
711 2432 838 2478 quam
857 2416 948 2462 eius
968 2423 1315 2477 argumentorum
1333 2417 1528 2478 gravitati
1548 2420 1605 2464 sit

297 2492 606 2555 imputandum.
652 2493 863 2536 Abuterer
880 2497 997 2535 certe
1018 2490 1180 2534 Brinkii
1208 2491 1471 2536 humanitate
1485 2524 1500 2549 ,
1521 2509 1605 2537 nec

295 2569 392 2614 satis
423 2568 602 2614 honeste
632 2581 822 2628 agerem,
856 2566 892 2609 si
929 2564 1264 2609 controversiam
1296 2579 1516 2611 moverem
1547 2566 1604 2612 de

296 2643 457 2705 scripto
470 2641 662 2689 nondum
676 2639 818 2687 edito:
835 2639 979 2699 itaque
996 2638 1215 2684 contineo.
