<?xml version="1.0" encoding="UTF-8"?>
<!DOCTYPE html PUBLIC "-//W3C//DTD XHTML 1.0 Transitional//EN"
    "http://www.w3.org/TR/xhtml1/DTD/xhtml1-transitional.dtd">
<html xmlns="http://www.w3.org/1999/xhtml" xml:lang="en" lang="en">
 <head>
  <title>
</title>
<meta http-equiv="Content-Type" content="text/html;charset=utf-8" />
  <meta name='ocr-system' content='tesseract 3.04.00' />
  <meta name='ocr-capabilities' content='ocr_page ocr_carea ocr_par ocr_line ocrx_word'/>
</head>
<body>
  <div class='ocr_page' id='page_1' title='image "./4627202_0056.png"; bbox 0 0 2037 3619; ppageno 0'>
   <div class='ocr_carea' id='block_1_1' title="bbox 1022 396 1077 438">
    <p class='ocr_par' dir='ltr' id='par_1_1' title="bbox 1022 396 1077 438">
     <span class='ocr_line' id='line_1_1' title="bbox 1022 396 1077 438; baseline 0.055 -3"><span class='ocrx_word' id='word_1_1' title='bbox 1022 396 1077 438; x_wconf 75' lang='lat'><strong>40</strong></span> 
     </span>
    </p>
   </div>
   <div class='ocr_carea' id='block_1_2' title="bbox 380 526 1712 2602">
    <p class='ocr_par' dir='ltr' id='par_1_2' title="bbox 380 526 1712 2229">
     <span class='ocr_line' id='line_1_2' title="bbox 390 526 1710 592; baseline -0.002 -17"><span class='ocrx_word' id='word_1_2' title='bbox 390 531 654 592; x_wconf 81' lang='lat' dir='ltr'>Antigonam</span> <span class='ocrx_word' id='word_1_3' title='bbox 692 527 879 571; x_wconf 81' lang='lat' dir='ltr'><strong>fabulam</strong></span> <span class='ocrx_word' id='word_1_4' title='bbox 920 526 1064 571; x_wconf 87' lang='lat' dir='ltr'><strong>editae</strong></span> <span class='ocrx_word' id='word_1_5' title='bbox 1104 542 1197 571; x_wconf 88' lang='lat' dir='ltr'><strong>esse</strong></span> <span class='ocrx_word' id='word_1_6' title='bbox 1235 527 1476 574; x_wconf 84' lang='lat' dir='ltr'><strong>videantur.</strong></span> <span class='ocrx_word' id='word_1_7' title='bbox 1557 528 1710 589; x_wconf 81' lang='lat' dir='ltr'><strong>Neque</strong></span> 
     </span>
     <span class='ocr_line' id='line_1_3' title="bbox 386 600 1708 666; baseline -0.001 -16"><span class='ocrx_word' id='word_1_8' title='bbox 386 605 613 666; x_wconf 83' lang='lat' dir='ltr'><strong>persuadet</strong></span> <span class='ocrx_word' id='word_1_9' title='bbox 647 602 846 658; x_wconf 89' lang='lat' dir='ltr'><strong>Bothius,</strong></span> <span class='ocrx_word' id='word_1_10' title='bbox 882 602 983 661; x_wconf 89' lang='lat' dir='ltr'><strong>qui,</strong></span> <span class='ocrx_word' id='word_1_11' title='bbox 1023 600 1176 645; x_wconf 89' lang='lat' dir='ltr'><strong>fluctus</strong></span> <span class='ocrx_word' id='word_1_12' title='bbox 1208 611 1317 662; x_wconf 91' lang='lat' dir='ltr'><strong>puto</strong></span> <span class='ocrx_word' id='word_1_13' title='bbox 1337 618 1606 664; x_wconf 87' lang='lat' dir='ltr'><strong>componere</strong></span> <span class='ocrx_word' id='word_1_14' title='bbox 1626 613 1708 648; x_wconf 89' lang='lat' dir='ltr'><strong>stu-</strong></span> 
     </span>
     <span class='ocr_line' id='line_1_4' title="bbox 388 676 1711 737; baseline -0.001 -13"><span class='ocrx_word' id='word_1_15' title='bbox 388 680 513 735; x_wconf 83' lang='lat' dir='ltr'><strong>dens,</strong></span> <span class='ocrx_word' id='word_1_16' title='bbox 550 677 768 721; x_wconf 84' lang='lat' dir='ltr'><strong>communi</strong></span> <span class='ocrx_word' id='word_1_17' title='bbox 797 687 1027 737; x_wconf 83' lang='lat' dir='ltr'><strong>utrumque</strong></span> <span class='ocrx_word' id='word_1_18' title='bbox 1053 677 1311 737; x_wconf 82' lang='lat' dir='ltr'><strong>scriptorem</strong></span> <span class='ocrx_word' id='word_1_19' title='bbox 1332 676 1447 721; x_wconf 82' lang='lat' dir='ltr'><strong>fama</strong></span> <span class='ocrx_word' id='word_1_20' title='bbox 1468 694 1590 723; x_wconf 90' lang='lat' dir='ltr'><strong>usum</strong></span> <span class='ocrx_word' id='word_1_21' title='bbox 1619 694 1711 723; x_wconf 87' lang='lat' dir='ltr'><strong>esse</strong></span> 
     </span>
     <span class='ocr_line' id='line_1_5' title="bbox 385 750 1706 816; baseline 0.001 -19"><span class='ocrx_word' id='word_1_22' title='bbox 385 754 617 798; x_wconf 86' lang='lat' dir='ltr'><strong>existimat:</strong></span> <span class='ocrx_word' id='word_1_23' title='bbox 658 752 821 796; x_wconf 88' lang='lat' dir='ltr'><strong>nullum</strong></span> <span class='ocrx_word' id='word_1_24' title='bbox 859 752 974 796; x_wconf 84' lang='lat' dir='ltr'><strong>enim</strong></span> <span class='ocrx_word' id='word_1_25' title='bbox 1003 762 1066 796; x_wconf 89' lang='lat' dir='ltr'><strong>est</strong></span> <span class='ocrx_word' id='word_1_26' title='bbox 1089 750 1294 807; x_wconf 89' lang='lat' dir='ltr'><strong>dubium,</strong></span> <span class='ocrx_word' id='word_1_27' title='bbox 1319 752 1429 811; x_wconf 83' lang='lat' dir='ltr'><strong>quin-</strong></span> <span class='ocrx_word' id='word_1_28' title='bbox 1442 766 1706 816; x_wconf 82' lang='lat' dir='ltr'><strong>propagatus</strong></span> 
     </span>
     <span class='ocr_line' id='line_1_6' title="bbox 382 825 1708 887; baseline 0.002 -17"><span class='ocrx_word' id='word_1_29' title='bbox 382 829 437 870; x_wconf 90' lang='lat' dir='ltr'><strong>sit</strong></span> <span class='ocrx_word' id='word_1_30' title='bbox 456 827 564 869; x_wconf 82' lang='lat' dir='ltr'><strong>alter</strong></span> <span class='ocrx_word' id='word_1_31' title='bbox 584 843 638 869; x_wconf 85' lang='lat' dir='ltr'><strong>ex</strong></span> <span class='ocrx_word' id='word_1_32' title='bbox 659 827 797 870; x_wconf 87' lang='lat' dir='ltr'><strong>altero</strong></span> <span class='ocrx_word' id='word_1_33' title='bbox 819 826 967 882; x_wconf 89' lang='lat' dir='ltr'><strong>locus,</strong></span> <span class='ocrx_word' id='word_1_34' title='bbox 989 825 1140 869; x_wconf 86' lang='lat' dir='ltr'><strong>iisdem</strong></span> <span class='ocrx_word' id='word_1_35' title='bbox 1162 841 1300 886; x_wconf 87' lang='lat' dir='ltr'><strong>paene</strong></span> <span class='ocrx_word' id='word_1_36' title='bbox 1323 826 1466 869; x_wconf 81' lang='lat' dir='ltr'><strong>verbis</strong></span> <span class='ocrx_word' id='word_1_37' title='bbox 1487 842 1708 887; x_wconf 85' lang='lat' dir='ltr'><strong>expressus</strong></span> 
     </span>
     <span class='ocr_line' id='line_1_7' title="bbox 380 899 1704 960; baseline 0.005 -17"><span class='ocrx_word' id='word_1_38' title='bbox 380 913 582 960; x_wconf 86' lang='lat' dir='ltr'><strong>uterque,</strong></span> <span class='ocrx_word' id='word_1_39' title='bbox 610 902 691 944; x_wconf 90' lang='lat' dir='ltr'><strong>nisi</strong></span> <span class='ocrx_word' id='word_1_40' title='bbox 719 901 836 960; x_wconf 89' lang='lat' dir='ltr'><strong>quod</strong></span> <span class='ocrx_word' id='word_1_41' title='bbox 858 902 990 945; x_wconf 86' lang='lat' dir='ltr'><strong>altera</strong></span> <span class='ocrx_word' id='word_1_42' title='bbox 1011 912 1109 944; x_wconf 89' lang='lat' dir='ltr'><strong>sunt</strong></span> <span class='ocrx_word' id='word_1_43' title='bbox 1128 901 1344 957; x_wconf 80' lang='lat' dir='ltr'><strong>historici,</strong></span> <span class='ocrx_word' id='word_1_44' title='bbox 1376 899 1509 945; x_wconf 82' lang='lat' dir='ltr'><strong>altera</strong></span> <span class='ocrx_word' id='word_1_45' title='bbox 1529 907 1704 960; x_wconf 73' lang='lat' dir='ltr'><strong>poetae.</strong></span> 
     </span>
     <span class='ocr_line' id='line_1_8' title="bbox 382 974 1706 1035; baseline 0.002 -18"><span class='ocrx_word' id='word_1_46' title='bbox 382 974 630 1018; x_wconf 89' lang='lat' dir='ltr'><strong>Herodotus</strong></span> <span class='ocrx_word' id='word_1_47' title='bbox 668 990 759 1017; x_wconf 90' lang='lat' dir='ltr'><strong>non</strong></span> <span class='ocrx_word' id='word_1_48' title='bbox 797 974 924 1018; x_wconf 89' lang='lat' dir='ltr'><strong>facile</strong></span> <span class='ocrx_word' id='word_1_49' title='bbox 957 975 1069 1018; x_wconf 87' lang='lat' dir='ltr'><strong>hanc</strong></span> <span class='ocrx_word' id='word_1_50' title='bbox 1106 975 1360 1018; x_wconf 80' lang='lat' dir='ltr'><strong>sententiam</strong></span> <span class='ocrx_word' id='word_1_51' title='bbox 1398 975 1644 1035; x_wconf 84' lang='lat' dir='ltr'>nuperrime</span> <span class='ocrx_word' id='word_1_52' title='bbox 1679 993 1706 1020; x_wconf 85' lang='lat' dir='ltr'><strong>a</strong></span> 
     </span>
     <span class='ocr_line' id='line_1_9' title="bbox 381 1048 1712 1109; baseline 0.001 -16"><span class='ocrx_word' id='word_1_53' title='bbox 381 1050 600 1109; x_wconf 87' lang='lat' dir='ltr'>Sophocle</span> <span class='ocrx_word' id='word_1_54' title='bbox 633 1049 849 1108; x_wconf 85' lang='lat' dir='ltr'><strong>proditam</strong></span> <span class='ocrx_word' id='word_1_55' title='bbox 881 1051 940 1093; x_wconf 90' lang='lat' dir='ltr'><strong>ita</strong></span> <span class='ocrx_word' id='word_1_56' title='bbox 977 1048 1178 1094; x_wconf 85' lang='lat' dir='ltr'><strong>Historiis</strong></span> <span class='ocrx_word' id='word_1_57' title='bbox 1207 1051 1291 1092; x_wconf 87' lang='lat' dir='ltr'><strong>suis</strong></span> <span class='ocrx_word' id='word_1_58' title='bbox 1308 1049 1605 1093; x_wconf 87' lang='lat' dir='ltr'><strong>immiscuisset</strong></span> <span class='ocrx_word' id='word_1_59' title='bbox 1621 1082 1634 1106; x_wconf 90' lang='lat'><strong>,</strong></span> <span class='ocrx_word' id='word_1_60' title='bbox 1660 1062 1712 1094; x_wconf 85' lang='lat' dir='ltr'><strong>ut</strong></span> 
     </span>
     <span class='ocr_line' id='line_1_10' title="bbox 381 1122 1708 1184; baseline 0 -16"><span class='ocrx_word' id='word_1_61' title='bbox 381 1125 666 1183; x_wconf 89' lang='lat' dir='ltr'><strong>unusquisque</strong></span> <span class='ocrx_word' id='word_1_62' title='bbox 702 1135 811 1167; x_wconf 90' lang='lat' dir='ltr'><strong>esset</strong></span> <span class='ocrx_word' id='word_1_63' title='bbox 845 1131 1144 1184; x_wconf 83' lang='lat' dir='ltr'><strong>perspecturus</strong></span> <span class='ocrx_word' id='word_1_64' title='bbox 1162 1122 1383 1167; x_wconf 56' lang='lat' dir='ltr'><strong>&#39;undenam</strong></span> <span class='ocrx_word' id='word_1_65' title='bbox 1406 1140 1502 1168; x_wconf 89' lang='lat' dir='ltr'><strong>eam</strong></span> <span class='ocrx_word' id='word_1_66' title='bbox 1522 1135 1708 1168; x_wconf 86' lang='lat' dir='ltr'><strong>mutuas-</strong></span> 
     </span>
     <span class='ocr_line' id='line_1_11' title="bbox 381 1197 1703 1258; baseline 0.001 -17"><span class='ocrx_word' id='word_1_67' title='bbox 381 1209 445 1241; x_wconf 91' lang='lat' dir='ltr'><strong>set</strong></span> <span class='ocrx_word' id='word_1_68' title='bbox 462 1213 473 1241; x_wconf 91' lang='lat'>:</span> <span class='ocrx_word' id='word_1_69' title='bbox 508 1197 626 1256; x_wconf 88' lang='lat' dir='ltr'><strong>quod</strong></span> <span class='ocrx_word' id='word_1_70' title='bbox 649 1213 750 1241; x_wconf 86' lang='lat' dir='ltr'><strong>sane</strong></span> <span class='ocrx_word' id='word_1_71' title='bbox 768 1198 912 1241; x_wconf 85' lang='lat' dir='ltr'><strong>facere</strong></span> <span class='ocrx_word' id='word_1_72' title='bbox 932 1213 1021 1240; x_wconf 91' lang='lat' dir='ltr'><strong>non</strong></span> <span class='ocrx_word' id='word_1_73' title='bbox 1042 1208 1214 1257; x_wconf 89' lang='lat' dir='ltr'><strong>poterat</strong></span> <span class='ocrx_word' id='word_1_74' title='bbox 1232 1199 1324 1241; x_wconf 89' lang='lat' dir='ltr'><strong>sine</strong></span> <span class='ocrx_word' id='word_1_75' title='bbox 1343 1200 1463 1258; x_wconf 80' lang='lat' dir='ltr'><strong>gravi</strong></span> <span class='ocrx_word' id='word_1_76' title='bbox 1476 1200 1678 1258; x_wconf 72' lang='lat' dir='ltr'><strong>:periculo</strong></span> <span class='ocrx_word' id='word_1_77' title='bbox 1690 1232 1703 1255; x_wconf 96' lang='lat'><strong>,</strong></span> 
     </span>
     <span class='ocr_line' id='line_1_12' title="bbox 381 1271 1710 1318; baseline 0 -1"><span class='ocrx_word' id='word_1_78' title='bbox 381 1289 436 1317; x_wconf 91' lang='lat' dir='ltr'><strong>ne</strong></span> <span class='ocrx_word' id='word_1_79' title='bbox 468 1283 605 1316; x_wconf 86' lang='lat' dir='ltr'><strong>totam</strong></span> <span class='ocrx_word' id='word_1_80' title='bbox 640 1272 760 1316; x_wconf 90' lang='lat' dir='ltr'><strong>illam</strong></span> <span class='ocrx_word' id='word_1_81' title='bbox 792 1272 989 1316; x_wconf 80' lang='lat' dir='ltr'><strong>Persicae</strong></span> <span class='ocrx_word' id='word_1_82' title='bbox 1007 1271 1196 1316; x_wconf 89' lang='lat' dir='ltr'><strong>mulieris</strong></span> <span class='ocrx_word' id='word_1_83' title='bbox 1214 1272 1439 1317; x_wconf 81' lang='lat' dir='ltr'><strong>historiam</strong></span> <span class='ocrx_word' id='word_1_84' title='bbox 1458 1272 1626 1318; x_wconf 81' lang='lat' dir='ltr'><strong>finxisse</strong></span> <span class='ocrx_word' id='word_1_85' title='bbox 1646 1274 1710 1317; x_wconf 86' lang='lat' dir='ltr'><strong>vi·</strong></span> 
     </span>
     <span class='ocr_line' id='line_1_13' title="bbox 382 1348 1709 1408; baseline 0 -17"><span class='ocrx_word' id='word_1_86' title='bbox 382 1349 556 1391; x_wconf 81' lang='lat' dir='ltr'><strong>deretur</strong></span> <span class='ocrx_word' id='word_1_87' title='bbox 578 1350 624 1391; x_wconf 84' lang='lat' dir='ltr'><strong>in</strong></span> <span class='ocrx_word' id='word_1_88' title='bbox 646 1349 827 1408; x_wconf 82' lang='lat' dir='ltr'><strong>gratiam</strong></span> <span class='ocrx_word' id='word_1_89' title='bbox 853 1349 1087 1392; x_wconf 84' lang='lat' dir='ltr'><strong>sententiae</strong></span> <span class='ocrx_word' id='word_1_90' title='bbox 1106 1348 1394 1407; x_wconf 88' lang='lat' dir='ltr'><strong>Sophocleae,</strong></span> <span class='ocrx_word' id='word_1_91' title='bbox 1419 1363 1557 1407; x_wconf 87' lang='lat' dir='ltr'><strong>neque</strong></span> <span class='ocrx_word' id='word_1_92' title='bbox 1577 1349 1709 1408; x_wconf 86' lang='lat' dir='ltr'><strong>igitur</strong></span> 
     </span>
     <span class='ocr_line' id='line_1_14' title="bbox 383 1420 1708 1482; baseline 0 -17"><span class='ocrx_word' id='word_1_93' title='bbox 383 1424 474 1466; x_wconf 89' lang='lat' dir='ltr'><strong>sine</strong></span> <span class='ocrx_word' id='word_1_94' title='bbox 511 1438 669 1482; x_wconf 87' lang='lat' dir='ltr'><strong>magno</strong></span> <span class='ocrx_word' id='word_1_95' title='bbox 706 1422 981 1480; x_wconf 72' lang='grc' dir='ltr'><strong><em>φιλαληθίας,</em></strong></span> <span class='ocrx_word' id='word_1_96' title='bbox 1017 1422 1086 1466; x_wconf 93' lang='lat' dir='ltr'><strong>cui</strong></span> <span class='ocrx_word' id='word_1_97' title='bbox 1126 1420 1327 1465; x_wconf 84' lang='lat' dir='ltr'><strong>studebat</strong></span> <span class='ocrx_word' id='word_1_98' title='bbox 1343 1452 1357 1477; x_wconf 96' lang='lat'><strong>,</strong></span> <span class='ocrx_word' id='word_1_99' title='bbox 1400 1421 1542 1465; x_wconf 83' lang='lat' dir='ltr'><strong>famae</strong></span> <span class='ocrx_word' id='word_1_100' title='bbox 1576 1421 1708 1465; x_wconf 88' lang='lat' dir='ltr'><strong>detri-</strong></span> 
     </span>
     <span class='ocr_line' id='line_1_15' title="bbox 383 1495 1709 1556; baseline -0.001 -14"><span class='ocrx_word' id='word_1_101' title='bbox 383 1509 547 1542; x_wconf 87' lang='lat' dir='ltr'><strong>mento.</strong></span> <span class='ocrx_word' id='word_1_102' title='bbox 610 1497 727 1553; x_wconf 75' lang='lat' dir='ltr'><strong>Quis⁹</strong></span> <span class='ocrx_word' id='word_1_103' title='bbox 737 1509 879 1542; x_wconf 89' lang='lat' dir='ltr'><strong>autem</strong></span> <span class='ocrx_word' id='word_1_104' title='bbox 903 1497 1074 1554; x_wconf 83' lang='lat' dir='ltr'><strong>credat,</strong></span> <span class='ocrx_word' id='word_1_105' title='bbox 1096 1495 1395 1552; x_wconf 88' lang='lat' dir='ltr'><strong>Herodotum,</strong></span> <span class='ocrx_word' id='word_1_106' title='bbox 1423 1512 1552 1556; x_wconf 87' lang='lat' dir='ltr'><strong>quum</strong></span> <span class='ocrx_word' id='word_1_107' title='bbox 1574 1498 1709 1541; x_wconf 87' lang='lat' dir='ltr'><strong>histo·</strong></span> 
     </span>
     <span class='ocr_line' id='line_1_16' title="bbox 382 1570 1705 1632; baseline 0 -17"><span class='ocrx_word' id='word_1_108' title='bbox 382 1574 491 1615; x_wconf 87' lang='lat' dir='ltr'><strong>riam</strong></span> <span class='ocrx_word' id='word_1_109' title='bbox 526 1572 641 1614; x_wconf 86' lang='lat' dir='ltr'><strong>illam</strong></span> <span class='ocrx_word' id='word_1_110' title='bbox 678 1572 910 1631; x_wconf 86' lang='lat' dir='ltr'><strong>respexisse</strong></span> <span class='ocrx_word' id='word_1_111' title='bbox 943 1570 1207 1630; x_wconf 86' lang='lat' dir='ltr'><strong>Sophoclem</strong></span> <span class='ocrx_word' id='word_1_112' title='bbox 1241 1570 1515 1630; x_wconf 82' lang='lat' dir='ltr'><strong>opinaretur,</strong></span> <span class='ocrx_word' id='word_1_113' title='bbox 1535 1572 1705 1632; x_wconf 83' lang='lat' dir='ltr'><strong>singula</strong></span> 
     </span>
     <span class='ocr_line' id='line_1_17' title="bbox 381 1644 1703 1705; baseline 0 -16"><span class='ocrx_word' id='word_1_114' title='bbox 381 1648 504 1689; x_wconf 86' lang='lat' dir='ltr'><strong>huius</strong></span> <span class='ocrx_word' id='word_1_115' title='bbox 523 1647 658 1689; x_wconf 79' lang='lat' dir='ltr'><strong>verba</strong></span> <span class='ocrx_word' id='word_1_116' title='bbox 679 1645 853 1705; x_wconf 88' lang='lat' dir='ltr'><strong>singulis</strong></span> <span class='ocrx_word' id='word_1_117' title='bbox 874 1644 1140 1689; x_wconf 82' lang='lat' dir='ltr'><strong>reddidisse?</strong></span> <span class='ocrx_word' id='word_1_118' title='bbox 1198 1645 1294 1704; x_wconf 87' lang='lat' dir='ltr'><strong>Ipse</strong></span> <span class='ocrx_word' id='word_1_119' title='bbox 1314 1644 1435 1687; x_wconf 80' lang='lat' dir='ltr'><strong>&#39;enim</strong></span> <span class='ocrx_word' id='word_1_120' title='bbox 1454 1647 1545 1688; x_wconf 89' lang='lat' dir='ltr'><strong>sine</strong></span> <span class='ocrx_word' id='word_1_121' title='bbox 1567 1645 1703 1689; x_wconf 85' lang='lat' dir='ltr'><strong>dubio</strong></span> 
     </span>
     <span class='ocr_line' id='line_1_18' title="bbox 382 1719 1707 1779; baseline -0.001 -15"><span class='ocrx_word' id='word_1_122' title='bbox 382 1720 654 1775; x_wconf 87' lang='lat' dir='ltr'><strong>Herodotus,</strong></span> <span class='ocrx_word' id='word_1_123' title='bbox 680 1720 751 1777; x_wconf 84' lang='lat' dir='ltr'><strong>qui</strong></span> <span class='ocrx_word' id='word_1_124' title='bbox 770 1719 999 1779; x_wconf 84' lang='lat' dir='ltr'><strong>singularia</strong></span> <span class='ocrx_word' id='word_1_125' title='bbox 1021 1733 1299 1778; x_wconf 89' lang='lat' dir='ltr'><strong>quaecunque</strong></span> <span class='ocrx_word' id='word_1_126' title='bbox 1316 1734 1550 1779; x_wconf 85' lang='lat' dir='ltr'><strong>congerere</strong></span> <span class='ocrx_word' id='word_1_127' title='bbox 1569 1731 1707 1776; x_wconf 86' lang='lat' dir='ltr'><strong>amat,</strong></span> 
     </span>
     <span class='ocr_line' id='line_1_19' title="bbox 383 1793 1706 1854; baseline -0.002 -15"><span class='ocrx_word' id='word_1_128' title='bbox 383 1803 427 1839; x_wconf 90' lang='lat' dir='ltr'><strong>et</strong></span> <span class='ocrx_word' id='word_1_129' title='bbox 444 1796 560 1838; x_wconf 82' lang='lat' dir='ltr'><strong>hanc</strong></span> <span class='ocrx_word' id='word_1_130' title='bbox 583 1794 744 1854; x_wconf 89' lang='lat' dir='ltr'><strong>primus</strong></span> <span class='ocrx_word' id='word_1_131' title='bbox 773 1794 954 1854; x_wconf 91' lang='lat' dir='ltr'><strong>protulit</strong></span> <span class='ocrx_word' id='word_1_132' title='bbox 984 1793 1277 1843; x_wconf 81' lang='lat' dir='ltr'><strong>narrationem</strong></span> <span class='ocrx_word' id='word_1_133' title='bbox 1294 1825 1308 1849; x_wconf 89' lang='lat'><strong>,</strong></span> <span class='ocrx_word' id='word_1_134' title='bbox 1341 1793 1481 1837; x_wconf 68' lang='lat' dir='ltr'><strong>nativa</strong></span> <span class='ocrx_word' id='word_1_135' title='bbox 1511 1793 1706 1837; x_wconf 86' lang='lat' dir='ltr'><strong>historici</strong></span> 
     </span>
     <span class='ocr_line' id='line_1_20' title="bbox 382 1868 1706 1930; baseline -0.001 -17"><span class='ocrx_word' id='word_1_136' title='bbox 382 1870 660 1930; x_wconf 85' lang='lat' dir='ltr'><strong>simplicitate</strong></span> <span class='ocrx_word' id='word_1_137' title='bbox 672 1869 902 1928; x_wconf 86' lang='lat' dir='ltr'><strong>insignem.</strong></span> <span class='ocrx_word' id='word_1_138' title='bbox 942 1868 1078 1910; x_wconf 89' lang='lat' dir='ltr'><strong>Huius</strong></span> <span class='ocrx_word' id='word_1_139' title='bbox 1097 1878 1239 1911; x_wconf 88' lang='lat' dir='ltr'><strong>autem</strong></span> <span class='ocrx_word' id='word_1_140' title='bbox 1260 1868 1513 1912; x_wconf 84' lang='lat' dir='ltr'><strong>narrationis</strong></span> <span class='ocrx_word' id='word_1_141' title='bbox 1531 1869 1706 1928; x_wconf 82' lang='lat' dir='ltr'><strong>propria</strong></span> 
     </span>
     <span class='ocr_line' id='line_1_21' title="bbox 383 1941 1707 2004; baseline -0.001 -16"><span class='ocrx_word' id='word_1_142' title='bbox 383 1956 483 1989; x_wconf 86' lang='lat' dir='ltr'><strong>sunt</strong></span> <span class='ocrx_word' id='word_1_143' title='bbox 503 1944 576 1987; x_wconf 87' lang='lat' dir='ltr'><strong>illa</strong></span> <span class='ocrx_word' id='word_1_144' title='bbox 598 1945 729 1987; x_wconf 79' lang='lat' dir='ltr'><strong>verba</strong></span> <span class='ocrx_word' id='word_1_145' title='bbox 751 1943 1050 2004; x_wconf 84' lang='lat' dir='ltr'><strong>aptissimeque</strong></span> <span class='ocrx_word' id='word_1_146' title='bbox 1070 1942 1116 1985; x_wconf 89' lang='lat' dir='ltr'><strong>in</strong></span> <span class='ocrx_word' id='word_1_147' title='bbox 1139 1957 1190 1985; x_wconf 85' lang='lat' dir='ltr'><strong>ea</strong></span> <span class='ocrx_word' id='word_1_148' title='bbox 1211 1941 1437 1986; x_wconf 79' lang='lat' dir='ltr'><strong>dicuntur:</strong></span> <span class='ocrx_word' id='word_1_149' title='bbox 1464 1943 1510 1985; x_wconf 90' lang='lat' dir='ltr'><strong>in</strong></span> <span class='ocrx_word' id='word_1_150' title='bbox 1533 1942 1707 2003; x_wconf 87' lang='lat' dir='ltr'><strong>Sopho·</strong></span> 
     </span>
     <span class='ocr_line' id='line_1_22' title="bbox 382 2016 1705 2078; baseline -0.002 -15"><span class='ocrx_word' id='word_1_151' title='bbox 382 2020 459 2063; x_wconf 91' lang='lat' dir='ltr'><strong>clis</strong></span> <span class='ocrx_word' id='word_1_152' title='bbox 490 2030 642 2063; x_wconf 89' lang='lat' dir='ltr'><strong>contra</strong></span> <span class='ocrx_word' id='word_1_153' title='bbox 669 2017 909 2078; x_wconf 86' lang='lat' dir='ltr'><strong>Tragoedia</strong></span> <span class='ocrx_word' id='word_1_154' title='bbox 933 2017 1132 2060; x_wconf 88' lang='lat' dir='ltr'><strong>alienum·</strong></span> <span class='ocrx_word' id='word_1_155' title='bbox 1155 2016 1327 2076; x_wconf 85' lang='lat' dir='ltr'><strong>quidem</strong></span> <span class='ocrx_word' id='word_1_156' title='bbox 1360 2033 1450 2060; x_wconf 92' lang='lat' dir='ltr'><strong>non</strong></span> <span class='ocrx_word' id='word_1_157' title='bbox 1470 2027 1617 2063; x_wconf 88' lang='lat' dir='ltr'><strong>tenent</strong></span> <span class='ocrx_word' id='word_1_158' title='bbox 1639 2017 1705 2061; x_wconf 92' lang='lat' dir='ltr'><strong>lo-</strong></span> 
     </span>
     <span class='ocr_line' id='line_1_23' title="bbox 384 2090 1711 2152; baseline -0.004 -14"><span class='ocrx_word' id='word_1_159' title='bbox 384 2111 502 2150; x_wconf 86' lang='lat' dir='ltr'><strong>cum,</strong></span> <span class='ocrx_word' id='word_1_160' title='bbox 521 2110 669 2138; x_wconf 86' lang='lat' dir='ltr'><strong>verum</strong></span> <span class='ocrx_word' id='word_1_161' title='bbox 692 2104 843 2137; x_wconf 77' lang='lat' dir='ltr'><strong>tamen.</strong></span> <span class='ocrx_word' id='word_1_162' title='bbox 863 2090 1034 2146; x_wconf 85' lang='lat' dir='ltr'><strong>aliunde</strong></span> <span class='ocrx_word' id='word_1_163' title='bbox 1057 2097 1146 2134; x_wconf 87' lang='lat' dir='ltr'><strong>esse</strong></span> <span class='ocrx_word' id='word_1_164' title='bbox 1171 2092 1320 2136; x_wconf 87' lang='lat' dir='ltr'><strong>hausta</strong></span> <span class='ocrx_word' id='word_1_165' title='bbox 1343 2092 1471 2137; x_wconf 77' lang='lat' dir='ltr'><strong>facile</strong></span> <span class='ocrx_word' id='word_1_166' title='bbox 1496 2094 1588 2151; x_wconf 87' lang='lat' dir='ltr'><strong>quis</strong></span> <span class='ocrx_word' id='word_1_167' title='bbox 1611 2109 1711 2152; x_wconf 72' lang='lat' dir='ltr'><strong>per·v</strong></span> 
     </span>
     <span class='ocr_line' id='line_1_24' title="bbox 383 2166 1703 2229; baseline -0.001 -17"><span class='ocrx_word' id='word_1_168' title='bbox 383 2169 551 2229; x_wconf 85' lang='lat' dir='ltr'><strong>spiciat.</strong></span> <span class='ocrx_word' id='word_1_169' title='bbox 575 2167 739 2222; x_wconf 85' lang='lat' dir='ltr'><strong>Verbo,</strong></span> <span class='ocrx_word' id='word_1_170' title='bbox 758 2170 886 2224; x_wconf 74' lang='lat' dir='ltr'><strong>poeta</strong></span> <span class='ocrx_word' id='word_1_171' title='bbox 897 2181 948 2209; x_wconf 85' lang='lat' dir='ltr'><strong>ex</strong></span> <span class='ocrx_word' id='word_1_172' title='bbox 964 2166 1172 2209; x_wconf 88' lang='lat' dir='ltr'><strong>historico</strong></span> <span class='ocrx_word' id='word_1_173' title='bbox 1187 2166 1344 2221; x_wconf 78' lang='lat' dir='ltr'><strong>hausit,</strong></span> <span class='ocrx_word' id='word_1_174' title='bbox 1357 2181 1445 2209; x_wconf 91' lang='lat' dir='ltr'><strong>non</strong></span> <span class='ocrx_word' id='word_1_175' title='bbox 1457 2166 1527 2223; x_wconf 86' lang='lat' dir='ltr'><strong>hic</strong></span> <span class='ocrx_word' id='word_1_176' title='bbox 1549 2182 1601 2210; x_wconf 85' lang='lat' dir='ltr'><strong>ex</strong></span> <span class='ocrx_word' id='word_1_177' title='bbox 1610 2167 1703 2212; x_wconf 88' lang='lat' dir='ltr'><strong>illo.</strong></span> 
     </span>
    </p>

    <p class='ocr_par' dir='ltr' id='par_1_3' title="bbox 382 2240 1706 2602">
     <span class='ocr_line' id='line_1_25' title="bbox 432 2240 1705 2300; baseline 0 -14"><span class='ocrx_word' id='word_1_178' title='bbox 432 2248 509 2299; x_wconf 73' lang='lat' dir='ltr'><strong>Sa.</strong></span> <span class='ocrx_word' id='word_1_179' title='bbox 557 2243 707 2300; x_wconf 89' lang='lat' dir='ltr'><strong>Neque</strong></span> <span class='ocrx_word' id='word_1_180' title='bbox 731 2241 887 2284; x_wconf 88' lang='lat' dir='ltr'><strong>diutius</strong></span> <span class='ocrx_word' id='word_1_181' title='bbox 916 2243 1024 2300; x_wconf 83' lang='lat' dir='ltr'><strong>opus</strong></span> <span class='ocrx_word' id='word_1_182' title='bbox 1052 2251 1161 2284; x_wconf 90' lang='lat' dir='ltr'><strong>esset</strong></span> <span class='ocrx_word' id='word_1_183' title='bbox 1177 2240 1278 2284; x_wconf 90' lang='lat' dir='ltr'><strong>huic</strong></span> <span class='ocrx_word' id='word_1_184' title='bbox 1298 2240 1541 2299; x_wconf 77' lang='lat' dir='ltr'><strong>quaestioni</strong></span> <span class='ocrx_word' id='word_1_185' title='bbox 1561 2241 1705 2286; x_wconf 85' lang='lat' dir='ltr'><strong>inhae-</strong></span> 
     </span>
     <span class='ocr_line' id='line_1_26' title="bbox 382 2314 1699 2379; baseline -0.002 -16"><span class='ocrx_word' id='word_1_186' title='bbox 382 2334 498 2376; x_wconf 89' lang='lat' dir='ltr'><strong>rere,</strong></span> <span class='ocrx_word' id='word_1_187' title='bbox 520 2317 769 2379; x_wconf 88' lang='lat' dir='ltr'><strong>praesertim</strong></span> <span class='ocrx_word' id='word_1_188' title='bbox 790 2320 917 2376; x_wconf 89' lang='lat' dir='ltr'><strong>quum</strong></span> <span class='ocrx_word' id='word_1_189' title='bbox 940 2315 1191 2360; x_wconf 79' lang='lat' dir='ltr'><strong>novissimus</strong></span> <span class='ocrx_word' id='word_1_190' title='bbox 1213 2314 1441 2375; x_wconf 83' lang='lat' dir='ltr'><strong>Sophoclis</strong></span> <span class='ocrx_word' id='word_1_191' title='bbox 1467 2315 1699 2377; x_wconf 89' lang='lat' dir='ltr'><strong>interpres,</strong></span> 
     </span>
     <span class='ocr_line' id='line_1_27' title="bbox 382 2391 1706 2450; baseline -0.001 -13"><span class='ocrx_word' id='word_1_192' title='bbox 382 2394 625 2438; x_wconf 90' lang='lat' dir='ltr'><strong>Wunderus</strong></span> <span class='ocrx_word' id='word_1_193' title='bbox 647 2392 704 2436; x_wconf 91' lang='lat' dir='ltr'><strong>ad</strong></span> <span class='ocrx_word' id='word_1_194' title='bbox 721 2393 764 2436; x_wconf 91' lang='lat' dir='ltr'><strong>h.</strong></span> <span class='ocrx_word' id='word_1_195' title='bbox 777 2392 808 2435; x_wconf 93' lang='lat' dir='ltr'><strong>l.</strong></span> <span class='ocrx_word' id='word_1_196' title='bbox 822 2425 834 2447; x_wconf 95' lang='lat'><strong>,</strong></span> <span class='ocrx_word' id='word_1_197' title='bbox 857 2392 1149 2450; x_wconf 88' lang='lat' dir='ltr'><strong>quaestionem</strong></span> <span class='ocrx_word' id='word_1_198' title='bbox 1171 2391 1249 2434; x_wconf 89' lang='lat' dir='ltr'><strong>etsi</strong></span> <span class='ocrx_word' id='word_1_199' title='bbox 1270 2406 1358 2434; x_wconf 89' lang='lat' dir='ltr'><strong>non</strong></span> <span class='ocrx_word' id='word_1_200' title='bbox 1382 2392 1596 2450; x_wconf 84' lang='lat' dir='ltr'><strong>exploret,</strong></span> <span class='ocrx_word' id='word_1_201' title='bbox 1615 2408 1706 2436; x_wconf 90' lang='lat' dir='ltr'><strong>non</strong></span> 
     </span>
     <span class='ocr_line' id='line_1_28' title="bbox 384 2464 1700 2526; baseline -0.002 -13"><span class='ocrx_word' id='word_1_202' title='bbox 384 2470 548 2513; x_wconf 87' lang='lat' dir='ltr'><strong>dubitet</strong></span> <span class='ocrx_word' id='word_1_203' title='bbox 578 2480 720 2512; x_wconf 89' lang='lat' dir='ltr'><strong>tamen</strong></span> <span class='ocrx_word' id='word_1_204' title='bbox 734 2500 747 2523; x_wconf 95' lang='lat'><strong>,</strong></span> <span class='ocrx_word' id='word_1_205' title='bbox 769 2467 870 2526; x_wconf 87' lang='lat' dir='ltr'><strong>quin</strong></span> <span class='ocrx_word' id='word_1_206' title='bbox 894 2466 1133 2526; x_wconf 88' lang='lat' dir='ltr'><strong>Sophocles</strong></span> <span class='ocrx_word' id='word_1_207' title='bbox 1151 2482 1205 2509; x_wconf 88' lang='lat' dir='ltr'><strong>ex</strong></span> <span class='ocrx_word' id='word_1_208' title='bbox 1227 2464 1456 2510; x_wconf 75' lang='lat' dir='ltr'><strong>Herodoto</strong></span> <span class='ocrx_word' id='word_1_209' title='bbox 1475 2467 1700 2511; x_wconf 88' lang='lat' dir='ltr'><strong>sumserit:</strong></span> 
     </span>
     <span class='ocr_line' id='line_1_29' title="bbox 385 2539 1698 2602; baseline 0 -16"><span class='ocrx_word' id='word_1_210' title='bbox 385 2544 463 2586; x_wconf 88' lang='lat' dir='ltr'><strong>nisi</strong></span> <span class='ocrx_word' id='word_1_211' title='bbox 503 2543 587 2587; x_wconf 89' lang='lat' dir='ltr'><strong>Ad.</strong></span> <span class='ocrx_word' id='word_1_212' title='bbox 620 2542 830 2586; x_wconf 71' lang='lat' dir='ltr'><strong>Schfillius</strong></span> <span class='ocrx_word' id='word_1_213' title='bbox 864 2557 918 2585; x_wconf 92' lang='lat' dir='ltr'><strong>eo</strong></span> <span class='ocrx_word' id='word_1_214' title='bbox 958 2541 1071 2585; x_wconf 89' lang='lat' dir='ltr'><strong>libro</strong></span> <span class='ocrx_word' id='word_1_215' title='bbox 1101 2540 1191 2601; x_wconf 85' lang='lat'><strong>(1),</strong></span> <span class='ocrx_word' id='word_1_216' title='bbox 1224 2556 1358 2601; x_wconf 87' lang='lat' dir='ltr'><strong>quem</strong></span> <span class='ocrx_word' id='word_1_217' title='bbox 1392 2539 1447 2586; x_wconf 88' lang='lat' dir='ltr'><strong>de</strong></span> <span class='ocrx_word' id='word_1_218' title='bbox 1479 2541 1698 2602; x_wconf 86' lang='lat' dir='ltr'><strong>Sophocle</strong></span> 
     </span>
    </p>
   </div>
   <div class='ocr_carea' id='block_1_3' title="bbox 374 2746 1709 2906">
    <p class='ocr_par' dir='ltr' id='par_1_4' title="bbox 374 2746 1709 2906">
     <span class='ocr_line' id='line_1_30' title="bbox 420 2746 1709 2791; baseline 0.001 -14"><span class='ocrx_word' id='word_1_219' title='bbox 420 2746 467 2789; x_wconf 87' lang='lat'><strong>(1)</strong></span> <span class='ocrx_word' id='word_1_220' title='bbox 493 2746 681 2789; x_wconf 73' lang='lat' dir='ltr'><strong>Sophokles.</strong></span> <span class='ocrx_word' id='word_1_221' title='bbox 715 2747 800 2779; x_wconf 73' lang='lat' dir='ltr'><strong>Scin</strong></span> <span class='ocrx_word' id='word_1_222' title='bbox 819 2747 928 2780; x_wconf 78' lang='lat' dir='ltr'><strong>Leben</strong></span> <span class='ocrx_word' id='word_1_223' title='bbox 951 2748 1023 2780; x_wconf 77' lang='lat' dir='ltr'><strong>und</strong></span> <span class='ocrx_word' id='word_1_224' title='bbox 1043 2746 1193 2780; x_wconf 66' lang='lat' dir='ltr'><strong>Wirlsen.</strong></span> <span class='ocrx_word' id='word_1_225' title='bbox 1230 2747 1330 2779; x_wconf 79' lang='lat' dir='ltr'><strong>Nach</strong></span> <span class='ocrx_word' id='word_1_226' title='bbox 1350 2747 1414 2779; x_wconf 83' lang='lat' dir='ltr'><strong>den</strong></span> <span class='ocrx_word' id='word_1_227' title='bbox 1433 2748 1576 2788; x_wconf 77' lang='lat' dir='ltr'><strong>Quollen</strong></span> <span class='ocrx_word' id='word_1_228' title='bbox 1591 2747 1709 2791; x_wconf 75' lang='lat' dir='ltr'><strong>dar-ge-</strong></span> 
     </span>
     <span class='ocr_line' id='line_1_31' title="bbox 375 2802 1706 2848; baseline 0.002 -17"><span class='ocrx_word' id='word_1_229' title='bbox 375 2802 479 2833; x_wconf 75' lang='lat' dir='ltr'><strong>stellt.</strong></span> <span class='ocrx_word' id='word_1_230' title='bbox 500 2802 626 2835; x_wconf 77' lang='lat' dir='ltr'><strong>Franks.</strong></span> <span class='ocrx_word' id='word_1_231' title='bbox 648 2814 676 2835; x_wconf 82' lang='lat' dir='ltr'><strong>a.</strong></span> <span class='ocrx_word' id='word_1_232' title='bbox 696 2804 737 2836; x_wconf 76' lang='lat' dir='ltr'><strong>M.</strong></span> <span class='ocrx_word' id='word_1_233' title='bbox 759 2804 862 2837; x_wconf 77' lang='lat'><strong>1842.</strong></span> <span class='ocrx_word' id='word_1_234' title='bbox 897 2815 930 2848; x_wconf 90' lang='lat' dir='ltr'><strong>p.</strong></span> <span class='ocrx_word' id='word_1_235' title='bbox 954 2806 1032 2837; x_wconf 76' lang='lat'><strong>120.</strong></span> <span class='ocrx_word' id='word_1_236' title='bbox 1051 2809 1116 2836; x_wconf 85' lang='lat' dir='ltr'><strong>not.</strong></span> <span class='ocrx_word' id='word_1_237' title='bbox 1135 2803 1213 2835; x_wconf 64' lang='lat'><strong>64:</strong></span> <span class='ocrx_word' id='word_1_238' title='bbox 1250 2803 1412 2836; x_wconf 63' lang='lat' dir='ltr'><strong>»Heu-odon</strong></span> <span class='ocrx_word' id='word_1_239' title='bbox 1437 2806 1480 2837; x_wconf 83' lang='lat' dir='ltr'><strong>ist</strong></span> <span class='ocrx_word' id='word_1_240' title='bbox 1506 2804 1576 2836; x_wconf 81' lang='lat' dir='ltr'><strong>hier</strong></span> <span class='ocrx_word' id='word_1_241' title='bbox 1595 2804 1706 2847; x_wconf 81' lang='lat' dir='ltr'><strong>gewiss</strong></span> 
     </span>
     <span class='ocr_line' id='line_1_32' title="bbox 374 2855 1702 2906; baseline -0.001 -14"><span class='ocrx_word' id='word_1_242' title='bbox 374 2858 461 2893; x_wconf 81' lang='lat' dir='ltr'><strong>nicht</strong></span> <span class='ocrx_word' id='word_1_243' title='bbox 490 2858 542 2892; x_wconf 82' lang='lat' dir='ltr'><strong>der</strong></span> <span class='ocrx_word' id='word_1_244' title='bbox 569 2858 646 2894; x_wconf 81' lang='lat' dir='ltr'><strong>Dieb</strong></span> <span class='ocrx_word' id='word_1_245' title='bbox 668 2858 730 2905; x_wconf 78' lang='lat'><em>(!);</em></span> <span class='ocrx_word' id='word_1_246' title='bbox 755 2859 836 2894; x_wconf 82' lang='lat' dir='ltr'><strong>denn</strong></span> <span class='ocrx_word' id='word_1_247' title='bbox 861 2859 914 2894; x_wconf 79' lang='lat' dir='ltr'><strong>bei</strong></span> <span class='ocrx_word' id='word_1_248' title='bbox 929 2860 995 2896; x_wconf 86' lang='lat' dir='ltr'><strong>ihm</strong></span> <span class='ocrx_word' id='word_1_249' title='bbox 1017 2862 1057 2895; x_wconf 76' lang='lat' dir='ltr'><strong>ist</strong></span> <span class='ocrx_word' id='word_1_250' title='bbox 1076 2860 1127 2895; x_wconf 81' lang='lat' dir='ltr'><strong>die</strong></span> <span class='ocrx_word' id='word_1_251' title='bbox 1145 2855 1309 2906; x_wconf 69' lang='lat' dir='ltr'><strong>originalle</strong></span> <span class='ocrx_word' id='word_1_252' title='bbox 1327 2859 1501 2905; x_wconf 64' lang='lat' dir='ltr'><strong>Erklirnng</strong></span> <span class='ocrx_word' id='word_1_253' title='bbox 1522 2861 1554 2892; x_wconf 85' lang='lat' dir='ltr'><strong>in</strong></span> <span class='ocrx_word' id='word_1_254' title='bbox 1575 2858 1629 2892; x_wconf 84' lang='lat' dir='ltr'><strong>der</strong></span> <span class='ocrx_word' id='word_1_255' title='bbox 1650 2871 1702 2904; x_wconf 77' lang='lat' dir='ltr'><strong>ge-</strong></span> 
     </span>
    </p>
   </div>
  </div>
 </body>
</html>
