2037 3619
935 368 997 411 39

325 543 328 545 ,
364 504 494 552 Multi
514 503 732 565 utriusque
751 504 841 550 loci
862 505 1185 556 similitudinem
1204 507 1511 564 observarunt,
1542 507 1620 552 sed

304 587 400 624 uter
416 595 470 624 ex
489 589 588 623 utro
608 580 663 623 sit
683 580 920 634 desumtufs,
947 583 1255 636 nonconvenit
1273 583 1389 636 inter
1408 581 1615 636 eruditos.

305 654 474 701 Erroris
499 664 648 700 auctor
667 655 750 700 suit
768 656 965 701 Clemens
984 645 1294 709 Alexandrinus
1306 689 1321 713 ,
1350 657 1424 717 qui
1446 657 1617 718 (Stmm.

301 728 378 773 VI.
418 745 467 789 p.
502 730 610 779 625..
637 730 715 790 D.)
746 731 849 779 loco
871 731 949 774 illo
976 729 1032 774 de
1066 730 1186 783 furtis
1216 731 1484 784 Graecorum
1505 733 1616 778 haec

301 805 452 852 habet:
495 807 758 864 Σοφοκλέους
804 825 849 855 τε
880 810 927 856 ἐι
968 807 1204 867 Ἀντιγόνῃ
1235 813 1497 865 ποιήσαντος·
1532 826 1615 866 1⁴²1·

304 886 397 941 πρὸς
433 911 486 920 —
525 886 710 944 βλάστοιΔ
735 884 851 930 ποτέ.
926 884 1157 940 Ἡρόδοτος-
1192 883 1316 937 λέγει·
1363 888 1512 943 μητρὸς
1544 888 1617 929 καὶ

304 961 458 1017 πατρὸς
503 961 578 1004 οὐκ
622 959 681 1005 ἔτ’
725 961 880 1015 ὄντων,
920 958 1053 1005 ἄλλον
1092 960 1166 1017 οὐχ
1203 959 1298 1010 ἕξω.
1359 959 1480 1002 Haec
1517 974 1619 1003 sane

302 1035 432 1083 verba
445 1066 458 1090 ,
490 1029 618 1078 loeus>
652 1033 919 1090 communis,
955 1034 1011 1078 ab
1045 1048 1307 1093 unoquoque
1343 1033 1493 1078 facile
1511 1034 1616 1077 scri-

301 1118 427 1168 ptore
440 1109 531 1153 sine
545 1109 811 1165 imitatione,
835 1108 994 1153 nedum
1005 1109 1096 1153 sine
1110 1108 1254 1164 furto,
1275 1119 1479 1169 poterent
1496 1123 1617 1152 usur·

303 1183 428 1242 parit
461 1199 547 1242 quo
576 1184 753 1228 nomine
787 1184 1080 1240 Clementem,
1119 1184 1193 1243 qui
1226 1183 1387 1227 furtum
1422 1184 1510 1228 hoc
1538 1199 1620 1244 *ap-

303 1257 527 1321 pellaverit
541 1292 558 1316 ‚
597 1258 874 1321 reprehendit
909 1259 1100 1305 Cobetus
1132 1259 1181 1305 in
1213 1259 1410 1304 Platonis
1457 1259 1618 1306 Comici

304 1335 426 1394 reliq.
446 1351 494 1394 Ρ.
517 1335 620 1393 69.;
653 1335 729 1378 sed
761 1336 926 1395 integer
960 1345 1140 1393 uterque
1174 1334 1321 1390 locus,
1354 1345 1444 1378 tam
1479 1335 1621 1379 Hero·

302 1407 421 1464 doti,
455 1424 583 1468 quam
612 1408 841 1469 Sophoclis
862 1440 876 1465 ‚
908 1409 1021 1453 inter
1055 1424 1101 1452 se
1132 1409 1319 1466 invicem
1347 1420 1440 1452 erat
1472 1409 1622 1454 confe-

305 1482 463 1526 rendus
480 1515 493 1539 ‚
523 1499 663 1542 neque
684 1482 919 1527 audiendus
941 1484 1137 1529 Clemens
1150 1515 1162 1538 ,
1184 1485 1259 1541 qui
1282 1483 1510 1532 Herodoto
1540 1485 1623 1528 So·

305 1557 490 1617 phoclee
508 1558 731 1601 obversata
748 1557 876 1601 fuisse
896 1556 1067 1601 dixerit.
1095 1557 1223 1601 Hunc
1244 1557 1374 1616 igitur
1388 1558 1623 1605 Clementis

302 1643 495 1676 errorem
522 1647 657 1692 quum
691 1633 779 1675 iam
804 1632 1057 1675 correxisset
1081 1631 1384 1691 wesselingius
1415 1632 1619 1691 (Dissert-

304 1707 464 1751 Herod.
491 1724 536 1766 p.
564 1707 682 1766 176.)
698 1738 711 1761 ,
733 1721 811 1761 »ex
832 1705 1045 1765 Herodoti
1068 1706 1308 1749 imitatione
1331 1718 1618 1766 propagatum

300 1781 593 1842 Sophocleum
607 1780 630 1801 ''
652 1779 798 1826 dicens
811 1813 823 1834 ‚
844 1780 1138 1824 consentiente
1159 1780 1246 1824 Iac.
1268 1779 1412 1827 Tollio
1437 1780 1499 1841 (in
1512 1783 1621 1827 For-

302 1862 421 1900 micis
446 1872 486 1902 c.
511 1856 600 1916 4.):
634 1856 965 1899 Valckenaerius
987 1865 1130 1900 tamen
1158 1854 1229 1913 (ad
1249 1856 1356 1899 Her.
1396 1856 1429 1900 l.
1451 1856 1504 1915 1.)
1527 1873 1618 1900 rur-

299 1947 373 1976 rus
386 1963 400 1989 ,
430 1932 595 1988 utiliter,
616 1931 775 1991 inquit,
794 1945 950 1974 censeo
964 1961 978 1985 ,
998 1929 1184 1972 rationes
1205 1929 1368 1972 habens
1387 1929 1503 1974 forte
1524 1946 1614 1976 non

302 2006 633 2067 adspernmdas,
667 2021 778 2065 quae
811 2006 884 2060 hie
911 2003 1142 2048 commode
1163 2019 1253 2048 non
1281 2016 1463 2064 possunt
1480 2006 1621 2066 expli-

302 2083 406 2127 cari.
468 2080 556 2137 Qui
585 2079 782 2141 Longino
806 2079 964 2123 dici-tur
980 2081 1283 2138 όμηριώταως
1309 2080 1429 2126 ΧΠΙ.
1449 2097 1496 2141 7.
1529 2081 1617 2126 He·

297 2154 500 2212 rodotus,
544 2157 776 2200 Homerum
802 2156 940 2214 'quem
974 2154 1155 2199 Polemo
1191 2155 1355 2215 (Laiirt.
1394 2155 1472 2201 IV.
1518 2157 1611 2218 20.)

299 2232 485 2275 vocabat
524 2232 777 2290 Τναὲὶοιυη,
815 2230 1075 2282 Homericae
1116 2234 1234 2273 certe
1272 2230 1614 2291 magnificentiae

300 2306 547 2368 proximum
566 2303 827 2365 Sophoclem
842 2303 995 2347 habuit
1012 2305 1060 2347 in
1074 2302 1276 2348 deliciis.'’
1306 2305 1475 2362 Doleo,
1495 2321 1614 2351 sum-

303 2397 400 2425 mae
427 2380 649 2433 doctrinae
674 2379 815 2422 virum
834 2379 1019 2422 rationes
1036 2394 1174 2435 sim,
1183 2394 1273 2422 non
1294 2378 1613 2439 adspernandas

305 2456 421 2512 illas,
447 2469 594 2514 neque
606 2455 691 2498 hoc
712 2454 835 2510 loco,
855 2467 996 2512 neque
1012 2453 1141 2497 alibi
1154 2453 1272 2512 qnod
1295 2455 1450 2510 sciam,
1466 2455 1617 2515 prodi·

306 2529 439 2586 disse,
458 2530 613 2590 quibus
620 2544 750 2589 quum
764 2543 934 2573 caream
943 2559 958 2583 ,
973 2543 1113 2571 meam
1123 2528 1380 2573 sententiam
1393 2545 1493 2575 meo
1505 2531 1619 2591 peri·

307 2604 405 2648 culo
424 2605 533 2647 tueri
550 2619 700 2663 cogor.
733 2602 1028 2646 Valckenaerii
1045 2617 1201 2661 nempe
1220 2603 1264 2645 in
1287 2604 1352 2646 his
1367 2618 1490 2646 error
1500 2605 1619 2648 idem

304 2677 473 2723 videtur
499 2692 614 2734 esse,
638 2678 710 2738 qui
732 2677 787 2722 de
816 2676 982 2721 Helena
1002 2675 1238 2740 Euripidis,
1262 2675 1318 2720 de
1340 2693 1426 2738 quo
1453 2678 1549 2724 init.
1570 2680 1617 2725 h.

308 2760 403 2817 cap.
432 2751 635 2809 diximus,
664 2768 744 2813 per
774 2763 969 2820 tempora
999 2750 1102 2797 licet
1138 2737 1303 2797 facilius
1325 2752 1595 2823 excusandus
1608 2788 1621 2812 ‚

306 2845 437 2889 quum
477 2827 691 2874 Herodoti
735 2828 950 2875 Historiae
998 2841 1087 2872 ιιοιι
1130 2826 1190 2872 ita
1232 2825 1305 2872 diu
1343 2838 1441 2874 ante
1485 2840 1626 2875 actam
