<?xml version="1.0" encoding="UTF-8"?>
<!DOCTYPE html PUBLIC "-//W3C//DTD XHTML 1.0 Transitional//EN"
    "http://www.w3.org/TR/xhtml1/DTD/xhtml1-transitional.dtd">
<html xmlns="http://www.w3.org/1999/xhtml" xml:lang="en" lang="en">
 <head>
  <title>
</title>
<meta http-equiv="Content-Type" content="text/html;charset=utf-8" />
  <meta name='ocr-system' content='tesseract 3.04.00' />
  <meta name='ocr-capabilities' content='ocr_page ocr_carea ocr_par ocr_line ocrx_word'/>
</head>
<body>
  <div class='ocr_page' id='page_1' title='image "./4627202_0035.png"; bbox 0 0 2037 3619; ppageno 0'>
   <div class='ocr_carea' id='block_1_1' title="bbox 953 310 1005 352">
    <p class='ocr_par' dir='ltr' id='par_1_1' title="bbox 953 310 1005 352">
     <span class='ocr_line' id='line_1_1' title="bbox 953 310 1005 352; baseline 0 0"><span class='ocrx_word' id='word_1_1' title='bbox 953 310 1005 352; x_wconf 89' lang='lat'><strong>21</strong></span> 
     </span>
    </p>
   </div>
   <div class='ocr_carea' id='block_1_2' title="bbox 277 446 1628 2228">
    <p class='ocr_par' dir='ltr' id='par_1_2' title="bbox 302 446 1626 729">
     <span class='ocr_line' id='line_1_2' title="bbox 307 446 1620 510; baseline 0.001 -20"><span class='ocrx_word' id='word_1_2' title='bbox 307 447 482 490; x_wconf 85' lang='lat' dir='ltr'><strong>Diversa</strong></span> <span class='ocrx_word' id='word_1_3' title='bbox 504 446 633 509; x_wconf 73' lang='lat' dir='ltr'><strong>igitur</strong></span> <span class='ocrx_word' id='word_1_4' title='bbox 654 447 709 490; x_wconf 87' lang='lat' dir='ltr'><strong>ab</strong></span> <span class='ocrx_word' id='word_1_5' title='bbox 731 447 974 492; x_wconf 74' lang='lat' dir='ltr'>Homericis</span> <span class='ocrx_word' id='word_1_6' title='bbox 994 449 1103 493; x_wconf 88' lang='lat' dir='ltr'><strong>haec</strong></span> <span class='ocrx_word' id='word_1_7' title='bbox 1121 448 1303 510; x_wconf 89' lang='lat' dir='ltr'><strong>protulit</strong></span> <span class='ocrx_word' id='word_1_8' title='bbox 1319 447 1620 492; x_wconf 83' lang='lat' dir='ltr'><strong>Stesichorus:</strong></span> 
     </span>
     <span class='ocr_line' id='line_1_3' title="bbox 306 521 1626 584; baseline 0.001 -18"><span class='ocrx_word' id='word_1_9' title='bbox 306 521 472 566; x_wconf 89' lang='lat' dir='ltr'><strong>nullum</strong></span> <span class='ocrx_word' id='word_1_10' title='bbox 503 535 606 564; x_wconf 85' lang='lat' dir='ltr'><strong>vero</strong></span> <span class='ocrx_word' id='word_1_11' title='bbox 642 537 771 582; x_wconf 90' lang='lat' dir='ltr'><strong>quum</strong></span> <span class='ocrx_word' id='word_1_12' title='bbox 804 523 904 567; x_wconf 87' lang='lat' dir='ltr'><strong>insit</strong></span> <span class='ocrx_word' id='word_1_13' title='bbox 930 523 1186 584; x_wconf 81' lang='lat' dir='ltr'>vituperium</span> <span class='ocrx_word' id='word_1_14' title='bbox 1215 523 1430 580; x_wconf 75' lang='lat' dir='ltr'><strong>Helenae,</strong></span> <span class='ocrx_word' id='word_1_15' title='bbox 1460 538 1516 568; x_wconf 88' lang='lat' dir='ltr'><strong>ex</strong></span> <span class='ocrx_word' id='word_1_16' title='bbox 1537 524 1626 567; x_wconf 88' lang='lat' dir='ltr'><strong>hoc</strong></span> 
     </span>
     <span class='ocr_line' id='line_1_4' title="bbox 304 594 1624 659; baseline 0.005 -23"><span class='ocrx_word' id='word_1_17' title='bbox 304 594 477 654; x_wconf 85' lang='lat' dir='ltr'><strong>quidem</strong></span> <span class='ocrx_word' id='word_1_18' title='bbox 505 595 742 657; x_wconf 86' lang='lat' dir='ltr'><strong>fragmento</strong></span> <span class='ocrx_word' id='word_1_19' title='bbox 779 614 868 642; x_wconf 88' lang='lat' dir='ltr'><strong>non</strong></span> <span class='ocrx_word' id='word_1_20' title='bbox 903 609 1105 659; x_wconf 87' lang='lat' dir='ltr'><strong>apparet,</strong></span> <span class='ocrx_word' id='word_1_21' title='bbox 1133 599 1179 642; x_wconf 90' lang='lat' dir='ltr'><strong>in</strong></span> <span class='ocrx_word' id='word_1_22' title='bbox 1211 600 1383 645; x_wconf 78' lang='grc' dir='ltr'><strong><em>Ἰλίου</em></strong></span> <span class='ocrx_word' id='word_1_23' title='bbox 1410 600 1624 657; x_wconf 78' lang='grc' dir='ltr'><strong><em>πέρσιδι</em></strong></span> 
     </span>
     <span class='ocr_line' id='line_1_5' title="bbox 302 669 1023 729; baseline 0.007 -18"><span class='ocrx_word' id='word_1_24' title='bbox 302 669 601 729; x_wconf 81' lang='lat' dir='ltr'><strong>reprehensam</strong></span> <span class='ocrx_word' id='word_1_25' title='bbox 634 671 761 716; x_wconf 89' lang='lat' dir='ltr'><strong>fuisse</strong></span> <span class='ocrx_word' id='word_1_26' title='bbox 791 671 1023 717; x_wconf 86' lang='lat' dir='ltr'><strong>Helenam.</strong></span> 
     </span>
    </p>

    <p class='ocr_par' dir='ltr' id='par_1_3' title="bbox 277 744 1628 2228">
     <span class='ocr_line' id='line_1_6' title="bbox 364 744 1628 808; baseline 0.003 -22"><span class='ocrx_word' id='word_1_27' title='bbox 364 758 407 787; x_wconf 83' lang='lat'><strong>2.</strong></span> <span class='ocrx_word' id='word_1_28' title='bbox 465 744 535 787; x_wconf 93' lang='lat' dir='ltr'><strong>Ad</strong></span> <span class='ocrx_word' id='word_1_29' title='bbox 558 746 633 789; x_wconf 77' lang='lat' dir='ltr'><strong>Ilii</strong></span> <span class='ocrx_word' id='word_1_30' title='bbox 655 747 847 790; x_wconf 74' lang='lat' dir='ltr'><strong>exidium</strong></span> <span class='ocrx_word' id='word_1_31' title='bbox 873 757 991 793; x_wconf 89' lang='lat' dir='ltr'><strong>recte</strong></span> <span class='ocrx_word' id='word_1_32' title='bbox 1016 761 1189 807; x_wconf 83' lang='lat' dir='ltr'><strong>quoque</strong></span> <span class='ocrx_word' id='word_1_33' title='bbox 1209 748 1392 791; x_wconf 87' lang='lat' dir='ltr'><strong>refertur</strong></span> <span class='ocrx_word' id='word_1_34' title='bbox 1411 748 1628 808; x_wconf 30' lang='lat' dir='ltr'><strong>fragmen-v</strong></span> 
     </span>
     <span class='ocr_line' id='line_1_7' title="bbox 298 818 1619 888; baseline 0.004 -27"><span class='ocrx_word' id='word_1_35' title='bbox 298 828 389 862; x_wconf 90' lang='lat' dir='ltr'><strong>tum</strong></span> <span class='ocrx_word' id='word_1_36' title='bbox 422 818 512 879; x_wconf 86' lang='lat'>(21.</span> <span class='ocrx_word' id='word_1_37' title='bbox 548 820 621 865; x_wconf 91' lang='lat' dir='ltr'><strong>Kl.</strong></span> <span class='ocrx_word' id='word_1_38' title='bbox 654 838 707 865; x_wconf 88' lang='lat' dir='ltr'><strong>ex</strong></span> <span class='ocrx_word' id='word_1_39' title='bbox 737 821 1007 888; x_wconf 40' lang='lat' dir='ltr'><strong>Pausanssxll.</strong></span> <span class='ocrx_word' id='word_1_40' title='bbox 1033 833 1106 865; x_wconf 63' lang='grc' dir='ltr'><strong>αα.</strong></span> <span class='ocrx_word' id='word_1_41' title='bbox 1137 821 1230 881; x_wconf 78' lang='grc'><strong>7.),</strong></span> <span class='ocrx_word' id='word_1_42' title='bbox 1264 837 1349 880; x_wconf 91' lang='lat' dir='ltr'><strong>quo</strong></span> <span class='ocrx_word' id='word_1_43' title='bbox 1371 823 1619 867; x_wconf 83' lang='lat' dir='ltr'><strong>continetur</strong></span> 
     </span>
     <span class='ocr_line' id='line_1_8' title="bbox 299 892 1614 956; baseline 0.002 -20"><span class='ocrx_word' id='word_1_44' title='bbox 299 892 531 938; x_wconf 85' lang='lat' dir='ltr'><strong>Stesichori</strong></span> <span class='ocrx_word' id='word_1_45' title='bbox 550 896 741 939; x_wconf 89' lang='lat' dir='ltr'><strong>narratio</strong></span> <span class='ocrx_word' id='word_1_46' title='bbox 760 894 814 940; x_wconf 91' lang='lat' dir='ltr'><strong>de</strong></span> <span class='ocrx_word' id='word_1_47' title='bbox 823 894 978 939; x_wconf 87' lang='lat' dir='ltr'><strong>Thesei</strong></span> <span class='ocrx_word' id='word_1_48' title='bbox 998 896 1174 956; x_wconf 86' lang='lat' dir='ltr'><strong>rapina:</strong></span> <span class='ocrx_word' id='word_1_49' title='bbox 1194 896 1435 939; x_wconf 79' lang='lat' dir='ltr'><strong>»Helenam</strong></span> <span class='ocrx_word' id='word_1_50' title='bbox 1455 912 1516 941; x_wconf 89' lang='lat' dir='ltr'><strong>sc.</strong></span> <span class='ocrx_word' id='word_1_51' title='bbox 1537 896 1614 940; x_wconf 85' lang='lat' dir='ltr'><strong>abs</strong></span> 
     </span>
     <span class='ocr_line' id='line_1_9' title="bbox 299 967 1615 1031; baseline 0.002 -20"><span class='ocrx_word' id='word_1_52' title='bbox 299 967 466 1012; x_wconf 88' lang='lat' dir='ltr'><strong>Theseo</strong></span> <span class='ocrx_word' id='word_1_53' title='bbox 495 976 661 1030; x_wconf 84' lang='lat' dir='ltr'><strong>raptam</strong></span> <span class='ocrx_word' id='word_1_54' title='bbox 677 1002 690 1027; x_wconf 90' lang='lat'><strong>,</strong></span> <span class='ocrx_word' id='word_1_55' title='bbox 724 972 939 1030; x_wconf 89' lang='lat' dir='ltr'><strong>peperisse</strong></span> <span class='ocrx_word' id='word_1_56' title='bbox 973 986 1025 1015; x_wconf 88' lang='lat' dir='ltr'><strong>ex</strong></span> <span class='ocrx_word' id='word_1_57' title='bbox 1056 985 1110 1014; x_wconf 90' lang='lat' dir='ltr'><strong>eo</strong></span> <span class='ocrx_word' id='word_1_58' title='bbox 1138 970 1402 1031; x_wconf 86' lang='lat' dir='ltr'><strong>Iphigeniam</strong></span> <span class='ocrx_word' id='word_1_59' title='bbox 1418 1003 1431 1027; x_wconf 96' lang='lat'><strong>,</strong></span> <span class='ocrx_word' id='word_1_60' title='bbox 1464 980 1615 1030; x_wconf 90' lang='lat' dir='ltr'><strong>postea</strong></span> 
     </span>
     <span class='ocr_line' id='line_1_10' title="bbox 298 1045 1614 1106; baseline 0.002 -20"><span class='ocrx_word' id='word_1_61' title='bbox 298 1045 486 1103; x_wconf 88' lang='lat' dir='ltr'><strong>nupsisse</strong></span> <span class='ocrx_word' id='word_1_62' title='bbox 526 1045 726 1090; x_wconf 88' lang='lat' dir='ltr'><strong>Menelao</strong></span> <span class='ocrx_word' id='word_1_63' title='bbox 743 1045 793 1090; x_wconf 58' lang='grc' dir='ltr'><strong>τ’*</strong></span> <span class='ocrx_word' id='word_1_64' title='bbox 842 1061 953 1105; x_wconf 88' lang='lat' dir='ltr'><strong>quae</strong></span> <span class='ocrx_word' id='word_1_65' title='bbox 994 1046 1187 1089; x_wconf 88' lang='lat' dir='ltr'><strong>narratio</strong></span> <span class='ocrx_word' id='word_1_66' title='bbox 1227 1046 1361 1106; x_wconf 88' lang='lat' dir='ltr'><strong>magis</strong></span> <span class='ocrx_word' id='word_1_67' title='bbox 1400 1045 1529 1090; x_wconf 86' lang='lat' dir='ltr'><strong>etiam</strong></span> <span class='ocrx_word' id='word_1_68' title='bbox 1567 1045 1614 1089; x_wconf 90' lang='lat' dir='ltr'><strong>in</strong></span> 
     </span>
     <span class='ocr_line' id='line_1_11' title="bbox 295 1118 1609 1181; baseline 0.002 -19"><span class='ocrx_word' id='word_1_69' title='bbox 295 1118 456 1165; x_wconf 83' lang='grc' dir='ltr'><strong><em>Ἰλίου</em></strong></span> <span class='ocrx_word' id='word_1_70' title='bbox 483 1121 689 1177; x_wconf 80' lang='grc' dir='ltr'><strong><em>πέρσιδι</em></strong></span> <span class='ocrx_word' id='word_1_71' title='bbox 726 1120 899 1181; x_wconf 84' lang='lat' dir='ltr'><strong>prodita</strong></span> <span class='ocrx_word' id='word_1_72' title='bbox 937 1121 1066 1165; x_wconf 88' lang='lat' dir='ltr'><strong>fuisse</strong></span> <span class='ocrx_word' id='word_1_73' title='bbox 1103 1120 1294 1176; x_wconf 83' lang='lat' dir='ltr'><strong>videtur,</strong></span> <span class='ocrx_word' id='word_1_74' title='bbox 1333 1121 1368 1164; x_wconf 90' lang='lat' dir='ltr'><strong>si</strong></span> <span class='ocrx_word' id='word_1_75' title='bbox 1413 1130 1609 1176; x_wconf 88' lang='lat' dir='ltr'><strong>constat,</strong></span> 
     </span>
     <span class='ocr_line' id='line_1_12' title="bbox 295 1193 1608 1255; baseline 0.002 -18"><span class='ocrx_word' id='word_1_76' title='bbox 295 1193 411 1252; x_wconf 89' lang='lat' dir='ltr'><strong>quod</strong></span> <span class='ocrx_word' id='word_1_77' title='bbox 440 1211 492 1238; x_wconf 89' lang='lat' dir='ltr'><strong>ex</strong></span> <span class='ocrx_word' id='word_1_78' title='bbox 521 1196 666 1239; x_wconf 89' lang='lat' dir='ltr'><strong>tabula</strong></span> <span class='ocrx_word' id='word_1_79' title='bbox 696 1196 825 1239; x_wconf 88' lang='lat' dir='ltr'><strong>Iliaca</strong></span> <span class='ocrx_word' id='word_1_80' title='bbox 846 1195 1024 1239; x_wconf 84' lang='lat' dir='ltr'><strong>conficit</strong></span> <span class='ocrx_word' id='word_1_81' title='bbox 1044 1195 1299 1240; x_wconf 85' lang='lat' dir='ltr'><strong>Welckerus</strong></span> <span class='ocrx_word' id='word_1_82' title='bbox 1320 1194 1465 1255; x_wconf 85' lang='lat' dir='ltr'><strong>(Ialm.</strong></span> <span class='ocrx_word' id='word_1_83' title='bbox 1486 1196 1608 1239; x_wconf 73' lang='lat' dir='ltr'><strong>Ann-</strong></span> 
     </span>
     <span class='ocr_line' id='line_1_13' title="bbox 294 1267 1610 1329; baseline 0.001 -18"><span class='ocrx_word' id='word_1_84' title='bbox 294 1267 326 1312; x_wconf 92' lang='lat' dir='ltr'><strong>l.</strong></span> <span class='ocrx_word' id='word_1_85' title='bbox 347 1267 377 1312; x_wconf 89' lang='lat' dir='ltr'><strong>l.</strong></span> <span class='ocrx_word' id='word_1_86' title='bbox 398 1284 445 1329; x_wconf 91' lang='lat' dir='ltr'><strong>p.</strong></span> <span class='ocrx_word' id='word_1_87' title='bbox 469 1267 591 1328; x_wconf 82' lang='lat'><strong>259.)</strong></span> <span class='ocrx_word' id='word_1_88' title='bbox 606 1301 619 1325; x_wconf 88' lang='lat'><strong>,</strong></span> <span class='ocrx_word' id='word_1_89' title='bbox 650 1269 693 1312; x_wconf 89' lang='lat' dir='ltr'><strong>in</strong></span> <span class='ocrx_word' id='word_1_90' title='bbox 719 1268 808 1312; x_wconf 91' lang='lat' dir='ltr'><strong>hoc</strong></span> <span class='ocrx_word' id='word_1_91' title='bbox 830 1269 1018 1313; x_wconf 86' lang='lat' dir='ltr'><strong>carmine</strong></span> <span class='ocrx_word' id='word_1_92' title='bbox 1040 1269 1305 1313; x_wconf 87' lang='lat' dir='ltr'><strong>mentionem</strong></span> <span class='ocrx_word' id='word_1_93' title='bbox 1331 1268 1482 1312; x_wconf 88' lang='lat' dir='ltr'><strong>fecisse</strong></span> <span class='ocrx_word' id='word_1_94' title='bbox 1502 1271 1610 1329; x_wconf 71' lang='lat' dir='ltr'><strong>poe·</strong></span> 
     </span>
     <span class='ocr_line' id='line_1_14' title="bbox 294 1329 1608 1403; baseline 0 -17"><span class='ocrx_word' id='word_1_95' title='bbox 294 1354 381 1386; x_wconf 88' lang='lat' dir='ltr'><strong>tam</strong></span> <span class='ocrx_word' id='word_1_96' title='bbox 420 1344 628 1399; x_wconf 86' lang='lat' dir='ltr'><strong>Aethrae,</strong></span> <span class='ocrx_word' id='word_1_97' title='bbox 661 1344 815 1387; x_wconf 87' lang='lat' dir='ltr'><strong>Thesei</strong></span> <span class='ocrx_word' id='word_1_98' title='bbox 846 1345 1013 1395; x_wconf 88' lang='lat' dir='ltr'><strong>matris,</strong></span> <span class='ocrx_word' id='word_1_99' title='bbox 1048 1359 1176 1403; x_wconf 88' lang='lat' dir='ltr'><strong>quam</strong></span> <span class='ocrx_word' id='word_1_100' title='bbox 1215 1329 1480 1387; x_wconf 54' lang='lat' dir='ltr'><strong>dicunt‘una</strong></span> <span class='ocrx_word' id='word_1_101' title='bbox 1508 1359 1608 1387; x_wconf 93' lang='lat' dir='ltr'><strong>cum</strong></span> 
     </span>
     <span class='ocr_line' id='line_1_15' title="bbox 290 1418 1608 1480; baseline -0.001 -17"><span class='ocrx_word' id='word_1_102' title='bbox 290 1418 456 1463; x_wconf 89' lang='lat' dir='ltr'><strong>Helena</strong></span> <span class='ocrx_word' id='word_1_103' title='bbox 483 1418 650 1463; x_wconf 88' lang='lat' dir='ltr'><strong>Theseo</strong></span> <span class='ocrx_word' id='word_1_104' title='bbox 674 1425 869 1480; x_wconf 86' lang='lat' dir='ltr'><strong>ereptam</strong></span> <span class='ocrx_word' id='word_1_105' title='bbox 899 1434 989 1463; x_wconf 89' lang='lat' dir='ltr'><strong>esse</strong></span> <span class='ocrx_word' id='word_1_106' title='bbox 1010 1429 1054 1463; x_wconf 89' lang='lat' dir='ltr'><strong>et</strong></span> <span class='ocrx_word' id='word_1_107' title='bbox 1073 1419 1158 1475; x_wconf 89' lang='lat' dir='ltr'><strong>sic,</strong></span> <span class='ocrx_word' id='word_1_108' title='bbox 1191 1418 1384 1464; x_wconf 86' lang='lat' dir='ltr'><strong>Helenae</strong></span> <span class='ocrx_word' id='word_1_109' title='bbox 1410 1432 1577 1463; x_wconf 83' lang='lat' dir='ltr'><strong>servam</strong></span> <span class='ocrx_word' id='word_1_110' title='bbox 1592 1448 1608 1475; x_wconf 92' lang='lat'><strong>,</strong></span> 
     </span>
     <span class='ocr_line' id='line_1_16' title="bbox 290 1493 1606 1548; baseline 0.001 -13"><span class='ocrx_word' id='word_1_111' title='bbox 290 1493 466 1537; x_wconf 88' lang='lat' dir='ltr'><strong>Troiam</strong></span> <span class='ocrx_word' id='word_1_112' title='bbox 498 1495 675 1537; x_wconf 86' lang='lat' dir='ltr'><strong>venisse.</strong></span> <span class='ocrx_word' id='word_1_113' title='bbox 699 1517 758 1526; x_wconf 93' lang='lat'><strong>—-</strong></span> <span class='ocrx_word' id='word_1_114' title='bbox 788 1493 935 1548; x_wconf 88' lang='lat' dir='ltr'><strong>Quum</strong></span> <span class='ocrx_word' id='word_1_115' title='bbox 972 1504 1116 1537; x_wconf 89' lang='lat' dir='ltr'><strong>autem</strong></span> <span class='ocrx_word' id='word_1_116' title='bbox 1153 1493 1303 1537; x_wconf 90' lang='lat' dir='ltr'><strong>eadem</strong></span> <span class='ocrx_word' id='word_1_117' title='bbox 1337 1494 1530 1537; x_wconf 84' lang='lat' dir='ltr'><strong>narratio</strong></span> <span class='ocrx_word' id='word_1_118' title='bbox 1560 1494 1606 1536; x_wconf 91' lang='lat' dir='ltr'><strong>in</strong></span> 
     </span>
     <span class='ocr_line' id='line_1_17' title="bbox 286 1566 1603 1630; baseline 0 -17"><span class='ocrx_word' id='word_1_119' title='bbox 286 1569 542 1630; x_wconf 84' lang='lat' dir='ltr'><strong>vituperium</strong></span> <span class='ocrx_word' id='word_1_120' title='bbox 576 1567 766 1614; x_wconf 82' lang='lat' dir='ltr'><strong>Helenae</strong></span> <span class='ocrx_word' id='word_1_121' title='bbox 800 1566 974 1629; x_wconf 86' lang='lat' dir='ltr'><strong>prodita</strong></span> <span class='ocrx_word' id='word_1_122' title='bbox 995 1584 1086 1614; x_wconf 91' lang='lat' dir='ltr'><strong>esse</strong></span> <span class='ocrx_word' id='word_1_123' title='bbox 1114 1566 1332 1627; x_wconf 88' lang='lat' dir='ltr'><strong>videatur,</strong></span> <span class='ocrx_word' id='word_1_124' title='bbox 1362 1578 1481 1613; x_wconf 87' lang='lat' dir='ltr'><strong>recte</strong></span> <span class='ocrx_word' id='word_1_125' title='bbox 1499 1566 1603 1613; x_wconf 91' lang='lat' dir='ltr'><strong>inde</strong></span> 
     </span>
     <span class='ocr_line' id='line_1_18' title="bbox 285 1644 1601 1704; baseline 0 -18"><span class='ocrx_word' id='word_1_126' title='bbox 285 1645 492 1704; x_wconf 87' lang='lat' dir='ltr'><strong>suspicari</strong></span> <span class='ocrx_word' id='word_1_127' title='bbox 520 1644 693 1699; x_wconf 87' lang='lat' dir='ltr'><strong>licebit,</strong></span> <span class='ocrx_word' id='word_1_128' title='bbox 714 1644 760 1686; x_wconf 91' lang='lat' dir='ltr'><strong>in</strong></span> <span class='ocrx_word' id='word_1_129' title='bbox 780 1644 944 1689; x_wconf 80' lang='grc' dir='ltr'><em>Ἰλίου</em></span> <span class='ocrx_word' id='word_1_130' title='bbox 970 1645 1176 1702; x_wconf 83' lang='grc' dir='ltr'><strong><em>πέρσιδι</em></strong></span> <span class='ocrx_word' id='word_1_131' title='bbox 1198 1649 1371 1703; x_wconf 72' lang='lat' dir='ltr'><strong>poetam</strong></span> <span class='ocrx_word' id='word_1_132' title='bbox 1392 1659 1486 1687; x_wconf 85' lang='lat' dir='ltr'><strong>eam</strong></span> <span class='ocrx_word' id='word_1_133' title='bbox 1508 1658 1601 1686; x_wconf 89' lang='lat' dir='ltr'><strong>esse</strong></span> 
     </span>
     <span class='ocr_line' id='line_1_19' title="bbox 285 1717 1598 1765; baseline 0 -3"><span class='ocrx_word' id='word_1_134' title='bbox 285 1718 609 1765; x_wconf 87' lang='lat' dir='ltr'><strong>calumniatum.</strong></span> <span class='ocrx_word' id='word_1_135' title='bbox 671 1718 901 1763; x_wconf 88' lang='lat' dir='ltr'><strong>Praeterea</strong></span> <span class='ocrx_word' id='word_1_136' title='bbox 928 1733 1042 1763; x_wconf 88' lang='lat' dir='ltr'><strong>nova</strong></span> <span class='ocrx_word' id='word_1_137' title='bbox 1064 1719 1175 1762; x_wconf 90' lang='lat' dir='ltr'><strong>haec</strong></span> <span class='ocrx_word' id='word_1_138' title='bbox 1194 1719 1241 1762; x_wconf 90' lang='lat' dir='ltr'><strong>in</strong></span> <span class='ocrx_word' id='word_1_139' title='bbox 1261 1718 1475 1763; x_wconf 90' lang='lat' dir='ltr'><strong>Helenam</strong></span> <span class='ocrx_word' id='word_1_140' title='bbox 1502 1717 1598 1763; x_wconf 87' lang='lat' dir='ltr'><strong>Ste-</strong></span> 
     </span>
     <span class='ocr_line' id='line_1_20' title="bbox 284 1791 1602 1855; baseline 0 -18"><span class='ocrx_word' id='word_1_141' title='bbox 284 1794 479 1838; x_wconf 88' lang='lat' dir='ltr'><strong>sichorus</strong></span> <span class='ocrx_word' id='word_1_142' title='bbox 510 1793 690 1855; x_wconf 90' lang='lat' dir='ltr'><strong>protulit</strong></span> <span class='ocrx_word' id='word_1_143' title='bbox 725 1794 945 1837; x_wconf 82' lang='lat' dir='ltr'><strong>convicia:</strong></span> <span class='ocrx_word' id='word_1_144' title='bbox 982 1793 1197 1837; x_wconf 86' lang='lat' dir='ltr'><strong>Homerus</strong></span> <span class='ocrx_word' id='word_1_145' title='bbox 1220 1793 1359 1849; x_wconf 89' lang='lat' dir='ltr'><strong>enim,</strong></span> <span class='ocrx_word' id='word_1_146' title='bbox 1389 1793 1468 1837; x_wconf 84' lang='lat' dir='ltr'><strong>etsi</strong></span> <span class='ocrx_word' id='word_1_147' title='bbox 1487 1791 1602 1837; x_wconf 86' lang='lat' dir='ltr'><strong>hanc</strong></span> 
     </span>
     <span class='ocr_line' id='line_1_21' title="bbox 282 1868 1598 1929; baseline -0.002 -17"><span class='ocrx_word' id='word_1_148' title='bbox 282 1869 561 1913; x_wconf 86' lang='lat' dir='ltr'><strong>traditionem</strong></span> <span class='ocrx_word' id='word_1_149' title='bbox 577 1869 794 1929; x_wconf 88' lang='lat' dir='ltr'><strong>cognitam</strong></span> <span class='ocrx_word' id='word_1_150' title='bbox 810 1868 982 1913; x_wconf 84' lang='lat' dir='ltr'><strong>videtur</strong></span> <span class='ocrx_word' id='word_1_151' title='bbox 999 1869 1211 1924; x_wconf 85' lang='lat' dir='ltr'><strong>habuisse,</strong></span> <span class='ocrx_word' id='word_1_152' title='bbox 1229 1869 1303 1928; x_wconf 87' lang='lat' dir='ltr'><strong>qui</strong></span> <span class='ocrx_word' id='word_1_153' title='bbox 1317 1869 1409 1928; x_wconf 89' lang='lat' dir='ltr'><strong>ipse</strong></span> <span class='ocrx_word' id='word_1_154' title='bbox 1427 1883 1598 1927; x_wconf 86' lang='lat' dir='ltr'><strong>quoque</strong></span> 
     </span>
     <span class='ocr_line' id='line_1_22' title="bbox 279 1941 1595 2003; baseline -0.002 -16"><span class='ocrx_word' id='word_1_155' title='bbox 279 1943 424 2003; x_wconf 72' lang='lat' dir='ltr'><strong>(Iliad.</strong></span> <span class='ocrx_word' id='word_1_156' title='bbox 446 1944 524 1989; x_wconf 85' lang='grc' dir='ltr'><strong>ΙΙΙ.</strong></span> <span class='ocrx_word' id='word_1_157' title='bbox 561 1942 676 2002; x_wconf 75' lang='lat'>114.)</span> <span class='ocrx_word' id='word_1_158' title='bbox 706 1942 935 1997; x_wconf 87' lang='lat' dir='ltr'><strong>Aethram,</strong></span> <span class='ocrx_word' id='word_1_159' title='bbox 969 1942 1129 1985; x_wconf 85' lang='lat' dir='ltr'><strong>Pitthei</strong></span> <span class='ocrx_word' id='word_1_160' title='bbox 1147 1941 1279 1986; x_wconf 88' lang='lat' dir='ltr'><strong>filiam</strong></span> <span class='ocrx_word' id='word_1_161' title='bbox 1302 1942 1392 2001; x_wconf 88' lang='lat'><strong>(1),</strong></span> <span class='ocrx_word' id='word_1_162' title='bbox 1435 1941 1595 1986; x_wconf 87' lang='lat' dir='ltr'><strong>Troiae</strong></span> 
     </span>
     <span class='ocr_line' id='line_1_23' title="bbox 282 2015 1598 2072; baseline -0.002 -11"><span class='ocrx_word' id='word_1_163' title='bbox 282 2031 448 2062; x_wconf 89' lang='lat' dir='ltr'><strong>servam</strong></span> <span class='ocrx_word' id='word_1_164' title='bbox 470 2016 597 2061; x_wconf 87' lang='lat' dir='ltr'><strong>fuisse</strong></span> <span class='ocrx_word' id='word_1_165' title='bbox 615 2016 806 2061; x_wconf 88' lang='lat' dir='ltr'><strong>Helenae</strong></span> <span class='ocrx_word' id='word_1_166' title='bbox 825 2015 1002 2072; x_wconf 84' lang='lat' dir='ltr'><strong>dixerit,</strong></span> <span class='ocrx_word' id='word_1_167' title='bbox 1037 2029 1127 2059; x_wconf 88' lang='lat' dir='ltr'><strong>non</strong></span> <span class='ocrx_word' id='word_1_168' title='bbox 1148 2016 1338 2059; x_wconf 81' lang='lat' dir='ltr'><strong>narravit</strong></span> <span class='ocrx_word' id='word_1_169' title='bbox 1355 2026 1524 2070; x_wconf 86' lang='lat' dir='ltr'><strong>tamen,</strong></span> <span class='ocrx_word' id='word_1_170' title='bbox 1549 2025 1598 2058; x_wconf 91' lang='lat' dir='ltr'><strong>ut</strong></span> 
     </span>
     <span class='ocr_line' id='line_1_24' title="bbox 279 2088 1593 2152; baseline 0 -17"><span class='ocrx_word' id='word_1_171' title='bbox 279 2091 374 2148; x_wconf 90' lang='lat' dir='ltr'><strong>ille,</strong></span> <span class='ocrx_word' id='word_1_172' title='bbox 405 2092 557 2137; x_wconf 86' lang='lat' dir='ltr'><strong>Thesei</strong></span> <span class='ocrx_word' id='word_1_173' title='bbox 590 2092 800 2152; x_wconf 85' lang='lat' dir='ltr'><strong>rapinam.</strong></span> <span class='ocrx_word' id='word_1_174' title='bbox 861 2090 1054 2135; x_wconf 89' lang='lat' dir='ltr'><strong>Primum</strong></span> <span class='ocrx_word' id='word_1_175' title='bbox 1077 2091 1187 2136; x_wconf 86' lang='lat' dir='ltr'><strong>haec</strong></span> <span class='ocrx_word' id='word_1_176' title='bbox 1210 2088 1435 2136; x_wconf 87' lang='lat' dir='ltr'><strong>tradidisse</strong></span> <span class='ocrx_word' id='word_1_177' title='bbox 1462 2089 1593 2135; x_wconf 87' lang='lat' dir='ltr'><strong>Stesi-</strong></span> 
     </span>
     <span class='ocr_line' id='line_1_25' title="bbox 277 2163 1590 2228; baseline -0.001 -16"><span class='ocrx_word' id='word_1_178' title='bbox 277 2168 481 2224; x_wconf 85' lang='lat' dir='ltr'><strong>chorum,</strong></span> <span class='ocrx_word' id='word_1_179' title='bbox 501 2166 706 2212; x_wconf 86' lang='lat' dir='ltr'><strong>conficias</strong></span> <span class='ocrx_word' id='word_1_180' title='bbox 725 2183 777 2212; x_wconf 87' lang='lat' dir='ltr'><strong>ex</strong></span> <span class='ocrx_word' id='word_1_181' title='bbox 796 2166 898 2228; x_wconf 87' lang='lat' dir='ltr'><strong>ipsis</strong></span> <span class='ocrx_word' id='word_1_182' title='bbox 919 2167 1047 2211; x_wconf 87' lang='lat' dir='ltr'><strong>etiam</strong></span> <span class='ocrx_word' id='word_1_183' title='bbox 1069 2165 1306 2211; x_wconf 91' lang='lat' dir='ltr'><strong>Pausaniae</strong></span> <span class='ocrx_word' id='word_1_184' title='bbox 1324 2163 1411 2225; x_wconf 91' lang='lat' dir='ltr'><strong>(ll.)</strong></span> <span class='ocrx_word' id='word_1_185' title='bbox 1430 2163 1590 2211; x_wconf 82' lang='lat' dir='ltr'><strong>verbis:</strong></span> 
     </span>
    </p>
   </div>
   <div class='ocr_carea' id='block_1_3' title="bbox 259 2425 1595 2702">
    <p class='ocr_par' dir='ltr' id='par_1_4' title="bbox 259 2425 1595 2588">
     <span class='ocr_line' id='line_1_26' title="bbox 263 2425 1595 2470; baseline 0 -8"><span class='ocrx_word' id='word_1_186' title='bbox 263 2430 349 2462; x_wconf 82' lang='lat' dir='ltr'><strong>chori</strong></span> <span class='ocrx_word' id='word_1_187' title='bbox 368 2429 575 2462; x_wconf 81' lang='lat' dir='ltr'><strong>narrationem</strong></span> <span class='ocrx_word' id='word_1_188' title='bbox 593 2428 694 2460; x_wconf 83' lang='lat' dir='ltr'><strong>secuti</strong></span> <span class='ocrx_word' id='word_1_189' title='bbox 719 2433 794 2459; x_wconf 78' lang='lat' dir='ltr'><strong>sunt</strong></span> <span class='ocrx_word' id='word_1_190' title='bbox 816 2425 979 2470; x_wconf 80' lang='lat' dir='ltr'><strong>Euripides</strong></span> <span class='ocrx_word' id='word_1_191' title='bbox 997 2427 1073 2470; x_wconf 77' lang='lat' dir='ltr'><strong>Iph.</strong></span> <span class='ocrx_word' id='word_1_192' title='bbox 1090 2426 1132 2459; x_wconf 81' lang='lat' dir='ltr'><strong>A.</strong></span> <span class='ocrx_word' id='word_1_193' title='bbox 1156 2437 1201 2459; x_wconf 79' lang='lat' dir='ltr'><strong>vs.</strong></span> <span class='ocrx_word' id='word_1_194' title='bbox 1223 2426 1353 2468; x_wconf 73' lang='lat'><strong>51-65,</strong></span> <span class='ocrx_word' id='word_1_195' title='bbox 1384 2426 1537 2461; x_wconf 71' lang='lat' dir='ltr'><strong>Lihanius</strong></span> <span class='ocrx_word' id='word_1_196' title='bbox 1559 2429 1595 2462; x_wconf 77' lang='lat' dir='ltr'><strong>in</strong></span> 
     </span>
     <span class='ocr_line' id='line_1_27' title="bbox 266 2482 1590 2532; baseline -0.001 -12"><span class='ocrx_word' id='word_1_197' title='bbox 266 2487 364 2520; x_wconf 77' lang='lat' dir='ltr'><strong>Orat.</strong></span> <span class='ocrx_word' id='word_1_198' title='bbox 390 2486 525 2532; x_wconf 54' lang='lat' dir='ltr'><strong>mysi-is</strong></span> <span class='ocrx_word' id='word_1_199' title='bbox 547 2486 591 2518; x_wconf 76' lang='lat' dir='ltr'><strong>ad</strong></span> <span class='ocrx_word' id='word_1_200' title='bbox 615 2485 779 2518; x_wconf 73' lang='lat' dir='ltr'><strong>Troianos</strong></span> <span class='ocrx_word' id='word_1_201' title='bbox 804 2482 851 2529; x_wconf 86' lang='lat' dir='ltr'><strong>(p.</strong></span> <span class='ocrx_word' id='word_1_202' title='bbox 872 2484 954 2516; x_wconf 73' lang='lat'>218.</span> <span class='ocrx_word' id='word_1_203' title='bbox 979 2483 1049 2529; x_wconf 83' lang='lat' dir='ltr'><strong>C.),</strong></span> <span class='ocrx_word' id='word_1_204' title='bbox 1071 2482 1141 2516; x_wconf 84' lang='lat' dir='ltr'><strong>alii.</strong></span> <span class='ocrx_word' id='word_1_205' title='bbox 1186 2482 1243 2516; x_wconf 81' lang='lat' dir='ltr'><strong>Cff.</strong></span> <span class='ocrx_word' id='word_1_206' title='bbox 1266 2484 1370 2529; x_wconf 79' lang='lat' dir='ltr'><strong>intpp.</strong></span> <span class='ocrx_word' id='word_1_207' title='bbox 1393 2483 1435 2518; x_wconf 79' lang='lat' dir='ltr'><strong>ad</strong></span> <span class='ocrx_word' id='word_1_208' title='bbox 1458 2484 1590 2531; x_wconf 71' lang='lat' dir='ltr'><strong>Hygin.</strong></span> 
     </span>
     <span class='ocr_line' id='line_1_28' title="bbox 259 2539 1496 2588; baseline 0 -12"><span class='ocrx_word' id='word_1_209' title='bbox 259 2555 288 2577; x_wconf 88' lang='lat' dir='ltr'><strong>c.</strong></span> <span class='ocrx_word' id='word_1_210' title='bbox 313 2545 377 2585; x_wconf 86' lang='lat'><strong>78,</strong></span> <span class='ocrx_word' id='word_1_211' title='bbox 399 2543 550 2587; x_wconf 83' lang='lat' dir='ltr'><strong>Apollod.</strong></span> <span class='ocrx_word' id='word_1_212' title='bbox 570 2542 627 2583; x_wconf 89' lang='lat' dir='ltr'><strong>ll.,</strong></span> <span class='ocrx_word' id='word_1_213' title='bbox 650 2542 804 2574; x_wconf 77' lang='lat' dir='ltr'><strong>Meziriac.</strong></span> <span class='ocrx_word' id='word_1_214' title='bbox 826 2539 866 2574; x_wconf 81' lang='lat' dir='ltr'><strong>ad</strong></span> <span class='ocrx_word' id='word_1_215' title='bbox 884 2540 971 2573; x_wconf 86' lang='lat' dir='ltr'><strong>Ovid.</strong></span> <span class='ocrx_word' id='word_1_216' title='bbox 993 2542 1137 2575; x_wconf 80' lang='lat' dir='ltr'><strong>Heroid.</strong></span> <span class='ocrx_word' id='word_1_217' title='bbox 1159 2541 1186 2575; x_wconf 90' lang='lat'><strong>1.</strong></span> <span class='ocrx_word' id='word_1_218' title='bbox 1208 2553 1243 2586; x_wconf 80' lang='lat' dir='ltr'><strong>p.</strong></span> <span class='ocrx_word' id='word_1_219' title='bbox 1260 2543 1320 2575; x_wconf 75' lang='lat'><strong>28.</strong></span> <span class='ocrx_word' id='word_1_220' title='bbox 1342 2541 1393 2575; x_wconf 86' lang='lat' dir='ltr'><strong>ed.</strong></span> <span class='ocrx_word' id='word_1_221' title='bbox 1416 2542 1496 2588; x_wconf 71' lang='lat' dir='ltr'><strong>Hag-</strong></span> 
     </span>
    </p>

    <p class='ocr_par' dir='ltr' id='par_1_5' title="bbox 259 2597 1593 2702">
     <span class='ocr_line' id='line_1_29' title="bbox 307 2597 1593 2647; baseline 0 -13"><span class='ocrx_word' id='word_1_222' title='bbox 307 2601 356 2647; x_wconf 90' lang='lat'><strong>(1)</strong></span> <span class='ocrx_word' id='word_1_223' title='bbox 379 2600 531 2633; x_wconf 72' lang='lat' dir='ltr'><strong>Dubitant</strong></span> <span class='ocrx_word' id='word_1_224' title='bbox 567 2600 734 2640; x_wconf 84' lang='lat' dir='ltr'><strong>nonnulli,</strong></span> <span class='ocrx_word' id='word_1_225' title='bbox 771 2599 907 2631; x_wconf 79' lang='lat' dir='ltr'><strong>fueritne</strong></span> <span class='ocrx_word' id='word_1_226' title='bbox 943 2597 1020 2630; x_wconf 73' lang='lat' dir='ltr'><strong>haec</strong></span> <span class='ocrx_word' id='word_1_227' title='bbox 1058 2599 1195 2642; x_wconf 77' lang='lat' dir='ltr'><strong>Aethra,</strong></span> <span class='ocrx_word' id='word_1_228' title='bbox 1231 2599 1347 2632; x_wconf 83' lang='lat' dir='ltr'><strong>Pitthei</strong></span> <span class='ocrx_word' id='word_1_229' title='bbox 1381 2600 1471 2642; x_wconf 81' lang='lat' dir='ltr'><strong>filia,</strong></span> <span class='ocrx_word' id='word_1_230' title='bbox 1505 2602 1593 2645; x_wconf 76' lang='lat' dir='ltr'><strong>apud</strong></span> 
     </span>
     <span class='ocr_line' id='line_1_30' title="bbox 259 2656 1589 2702; baseline -0.002 -9"><span class='ocrx_word' id='word_1_231' title='bbox 259 2660 425 2693; x_wconf 82' lang='lat' dir='ltr'><strong>Homerum</strong></span> <span class='ocrx_word' id='word_1_232' title='bbox 455 2657 562 2690; x_wconf 80' lang='lat' dir='ltr'><strong>eadem</strong></span> <span class='ocrx_word' id='word_1_233' title='bbox 585 2669 622 2691; x_wconf 78' lang='lat' dir='ltr'><strong>ac</strong></span> <span class='ocrx_word' id='word_1_234' title='bbox 646 2664 744 2691; x_wconf 85' lang='lat' dir='ltr'><strong>mater</strong></span> <span class='ocrx_word' id='word_1_235' title='bbox 763 2656 892 2698; x_wconf 80' lang='lat' dir='ltr'><strong>Thesei,</strong></span> <span class='ocrx_word' id='word_1_236' title='bbox 914 2666 994 2701; x_wconf 77' lang='lat' dir='ltr'><strong>quae</strong></span> <span class='ocrx_word' id='word_1_237' title='bbox 1018 2656 1086 2701; x_wconf 79' lang='lat' dir='ltr'><strong>ipsa</strong></span> <span class='ocrx_word' id='word_1_238' title='bbox 1115 2668 1239 2702; x_wconf 73' lang='lat' dir='ltr'><strong>quoque</strong></span> <span class='ocrx_word' id='word_1_239' title='bbox 1264 2657 1382 2690; x_wconf 79' lang='lat' dir='ltr'><strong>Pinhei</strong></span> <span class='ocrx_word' id='word_1_240' title='bbox 1408 2664 1476 2691; x_wconf 78' lang='lat' dir='ltr'><strong>emt</strong></span> <span class='ocrx_word' id='word_1_241' title='bbox 1499 2658 1589 2701; x_wconf 67' lang='lat' dir='ltr'><strong>filia,</strong></span> 
     </span>
    </p>
   </div>
   <div class='ocr_carea' id='block_1_4' title="bbox 255 2712 1589 2817">
    <p class='ocr_par' dir='ltr' id='par_1_6' title="bbox 255 2712 1589 2817">
     <span class='ocr_line' id='line_1_31' title="bbox 255 2712 1589 2762; baseline 0 -12"><span class='ocrx_word' id='word_1_242' title='bbox 255 2728 353 2762; x_wconf 87' lang='lat' dir='ltr'><strong>quum</strong></span> <span class='ocrx_word' id='word_1_243' title='bbox 385 2723 523 2760; x_wconf 74' lang='lat' dir='ltr'><strong>tempora</strong></span> <span class='ocrx_word' id='word_1_244' title='bbox 547 2726 611 2749; x_wconf 88' lang='lat' dir='ltr'><strong>non</strong></span> <span class='ocrx_word' id='word_1_245' title='bbox 634 2716 709 2749; x_wconf 76' lang='lat' dir='ltr'><strong>satis</strong></span> <span class='ocrx_word' id='word_1_246' title='bbox 731 2719 920 2761; x_wconf 59' lang='lat' dir='ltr'><strong>congruant&amp;</strong></span> <span class='ocrx_word' id='word_1_247' title='bbox 953 2723 983 2747; x_wconf 83' lang='lat' dir='ltr'><strong>v.</strong></span> <span class='ocrx_word' id='word_1_248' title='bbox 1009 2714 1112 2760; x_wconf 86' lang='lat' dir='ltr'><strong>intpp.</strong></span> <span class='ocrx_word' id='word_1_249' title='bbox 1138 2712 1178 2748; x_wconf 79' lang='lat' dir='ltr'><strong>ad</strong></span> <span class='ocrx_word' id='word_1_250' title='bbox 1205 2715 1336 2760; x_wconf 72' lang='lat' dir='ltr'><strong>Hygin-</strong></span> <span class='ocrx_word' id='word_1_251' title='bbox 1361 2725 1390 2749; x_wconf 84' lang='lat' dir='ltr'><strong>c.</strong></span> <span class='ocrx_word' id='word_1_252' title='bbox 1415 2715 1472 2749; x_wconf 71' lang='lat'><strong>79.</strong></span> <span class='ocrx_word' id='word_1_253' title='bbox 1508 2714 1589 2750; x_wconf 72' lang='lat' dir='ltr'><strong>Enn-</strong></span> 
     </span>
     <span class='ocr_line' id='line_1_32' title="bbox 256 2771 1586 2817; baseline -0.001 -9"><span class='ocrx_word' id='word_1_254' title='bbox 256 2774 327 2808; x_wconf 85' lang='lat' dir='ltr'><strong>dem</strong></span> <span class='ocrx_word' id='word_1_255' title='bbox 363 2779 444 2807; x_wconf 79' lang='lat' dir='ltr'><strong>certe</strong></span> <span class='ocrx_word' id='word_1_256' title='bbox 477 2772 642 2805; x_wconf 83' lang='lat' dir='ltr'><strong>Homerum</strong></span> <span class='ocrx_word' id='word_1_257' title='bbox 677 2771 869 2806; x_wconf 79' lang='lat' dir='ltr'><strong>intellexisse</strong></span> <span class='ocrx_word' id='word_1_258' title='bbox 900 2772 1062 2805; x_wconf 78' lang='lat' dir='ltr'><strong>existimo:</strong></span> <span class='ocrx_word' id='word_1_259' title='bbox 1108 2772 1181 2804; x_wconf 78' lang='lat' dir='ltr'><strong>satis</strong></span> <span class='ocrx_word' id='word_1_260' title='bbox 1216 2772 1299 2808; x_wconf 82' lang='lat' dir='ltr'><strong>enim</strong></span> <span class='ocrx_word' id='word_1_261' title='bbox 1332 2774 1447 2805; x_wconf 81' lang='lat' dir='ltr'><strong>mirum</strong></span> <span class='ocrx_word' id='word_1_262' title='bbox 1482 2774 1586 2817; x_wconf 78' lang='lat' dir='ltr'><strong>soret,</strong></span> 
     </span>
    </p>
   </div>
  </div>
 </body>
</html>
