2037 3619
940 390 998 432 69

309 527 405 579 des,
432 551 489 559 ——
514 525 713 570 idoneam
738 528 817 571 sibi
840 544 1046 588 quaerens
1068 545 1321 590 personam,
1358 544 1468 589 quae
1498 529 1620 575 Hele·

310 618 411 644 nam
449 616 591 644 rerum
623 603 793 646 interim
834 606 877 646 in
913 604 1095 647 Graecia
1127 605 1370 664 Troiaeque
1408 615 1624 665 gestarum

307 675 469 717 faceret
506 677 733 721 certiorem
747 709 760 733 ,
813 693 941 737 quam
976 679 1022 721 in
1059 678 1222 737 reliqua
1266 689 1411 723 tamen
1451 678 1617 723 Fabula

304 761 449 809 posset
484 753 703 807 omittere,
735 777 793 786 —
819 754 884 795 his
911 754 1013 812 ipsis
1041 752 1253 796 Herodoti
1276 755 1414 797 verbis
1434 753 1515 796 fuit
1537 752 1613 797 ad-

303 822 477 882 ductus,
495 838 562 883 ut,
584 827 737 871 Teucri
752 827 925 871 nomine
944 838 1116 888 arrepto
1128 860 1141 883 ,
1167 843 1312 872 verum
1332 828 1546 873 Teucrum
1564 829 1612 873 iu

304 916 425 944 suum
444 901 664 946 adhiberet
685 902 838 945 usum?
867 903 1054 958 Debilis,
1078 903 1313 958 confiteor,
1337 905 1609 948 coniectura:

306 986 432 1035 atque
450 976 562 1020 haud
580 978 671 1021 scio
690 976 906 1037 equidem,
924 994 980 1021 an
993 978 1173 1021 fortasse
1194 978 1240 1021 in
1255 978 1410 1022 Teucri
1425 979 1511 1023 hoc
1524 980 1611 1024 fue·

302 1052 358 1093 rit
377 1052 497 1106 fatis,
518 1068 614 1094 eum
631 1068 684 1094 eo
704 1053 878 1107 itinere,
898 1067 984 1110 quo
1006 1067 1165 1095 novam
1186 1063 1354 1112 peteret
1367 1053 1582 1096 Salamina
1594 1085 1607 1109 ,

304 1127 465 1170 venisse
492 1127 535 1169 in
564 1128 828 1188 Aegyptum:
862 1126 1028 1171 Teucer
1056 1138 1174 1170 certe
1197 1139 1489 1187 argumentum
1511 1129 1610 1172 satis

308 1201 568 1245 celebratum
598 1203 767 1263 tragicis
781 1234 793 1256 ,
816 1202 1027 1261 Aeschylo
1048 1200 1133 1261 (1),
1157 1201 1364 1261 Sophocli
1385 1202 1449 1262 (α)
1465 1235 1478 1258 ,
1500 1203 1607 1248 aliis.

364 1276 539 1320 Praeter
565 1277 856 1320 Stesichorum
878 1289 1019 1320 autem
1048 1288 1092 1320 et
1119 1276 1410 1330 Herodotum,
1445 1294 1497 1321 ex
1517 1280 1610 1337 qui·

302 1350 380 1392 bus
421 1352 560 1410 ipsum
595 1366 694 1394 suae
735 1351 927 1394 Helenae
963 1352 1156 1410 mythum
1194 1352 1318 1410 petiit
1357 1352 1604 1411 Euripides,

303 1424 409 1468 alios
441 1426 570 1468 etiam
608 1427 652 1468 in
672 1427 873 1480 transitu,
906 1436 954 1467 ut
982 1425 1057 1480 fit,
1090 1426 1136 1467 in
1167 1426 1247 1468 hac
1280 1425 1440 1469 Fabula
1479 1426 1608 1469 ador-

301 1499 447 1542 nanda
477 1499 669 1543 adhibuit
703 1500 852 1544 Poeta.
885 1524 947 1535 —-
982 1500 1044 1542 Ex
1079 1500 1273 1542 Homero
1306 1499 1511 1543 Idotheae
1545 1501 1608 1560 (3)

306 1582 393 1617 non
412 1585 576 1617 tantum
600 1590 757 1618 nomen
777 1575 946 1630 sumsit,
980 1573 1054 1617 sed
1077 1574 1224 1626 etiam,
1263 1573 1506 1618 Menelaum
1526 1607 1538 1630 ‚
1564 1576 1609 1619 in

301 1665 467 1693 summo
511 1649 754 1692 discrimine
797 1660 1060 1704 versantem,
1112 1647 1319 1691 Idotheae
1360 1651 1607 1708 impetrasse

302 1740 454 1784 opem,
488 1724 695 1782 dolosque
734 1724 966 1778 invenisse,
998 1723 1149 1780 quibus
1178 1724 1220 1764 in
1252 1724 1435 1781 patriam
1463 1736 1607 1782 posset

304 1798 473 1853 redire3
506 1798 631 1857 plane
672 1808 719 1839 ut
753 1796 972 1840 Menelaus
1013 1796 1086 1839 ille
1129 1796 1405 1849 Homericus,
1447 1799 1516 1855 qui
1562 1815 1607 1841 se

304 1874 537 1933 periturum
558 1872 682 1915 fuisse
703 1870 807 1914 dicit
828 1871 1005 1930 (Odyss.
1030 1870 1105 1913 IV.
1127 1869 1246 1930 364.)

409 1975 448 2008 εἰ
473 1971 526 2019 μή
554 1974 615 2011 τίς
640 1984 690 2019 με
718 1970 824 2006 θεῶν
853 1968 1077 2018 ὀλοφύρατο
1106 1972 1173 2006 καί
1199 1970 1240 2018 μ’
1273 1968 1446 2006 ἐσάωσεν

408 2039 588 2089 Πρωτέος
616 2040 789 2087 ἰφθίμου
814 2038 1013 2088 θυγάτηρ,
1042 2038 1177 2074 ἁλίοιο
1203 2038 1406 2088 γέροντος,

406 2108 594 2156 Εἰδοθέη·
623 2111 668 2156 τῇ
695 2109 765 2158 γάρ
794 2108 843 2157 ῥα
869 2107 1042 2156 μάλιστά
1070 2120 1112 2158 γε
1139 2108 1268 2156 θυμὸν
1298 2106 1421 2157 ὄρινα.

300 2199 537 2244 Fatidicam
570 2209 788 2258 praeterea
823 2197 1046 2240 Idotheam
1082 2198 1203 2241 finxit
1237 2199 1396 2253 Poeta,
1444 2198 1511 2241 vel
1549 2215 1600 2241 ex

302 2275 485 2319 Menelai
509 2272 562 2315 ad
580 2274 717 2331 ipsam
740 2272 879 2314 verbis
900 2273 946 2313 in
972 2272 1165 2327 Odyssea
1186 2272 1233 2316 ll.
1260 2272 1361 2330 379.

382 2368 482 2407 ἀλλὰ
505 2371 555 2408 σύ
578 2367 649 2418 πέρ
673 2380 742 2416 μοι
770 2363 857 2404 εἰπὲ
882 2385 936 2393 —
955 2366 1050 2403 θεοὶ
1073 2366 1117 2404 δέ
1146 2380 1188 2404 τε
1213 2367 1339 2404 πάντα
1363 2368 1500 2405 ἴσασιν
1517 2388 1568 2396 —

341 2509 389 2554 (1)
412 2510 447 2541 V,
472 2509 508 2541 G.
532 2510 697 2542 Hermann.
720 2511 773 2542 De
794 2511 950 2554 Aeschyli
979 2511 1165 2554 tragoediis·
1180 2511 1262 2551 fata
1284 2511 1407 2543 Aiacis
1428 2516 1462 2542 et
1488 2512 1609 2544 Teucri

297 2569 486 2610 compleatis.
515 2568 614 2598 1838.

339 2622 388 2667 (2)
411 2623 455 2655 De
476 2622 636 2667 Sophoclis
659 2624 782 2656 Teucro
802 2634 833 2656 v.
855 2622 973 2656 Welck.
999 2624 1057 2655 Gr.
1084 2624 1142 2655 Tr.
1163 2634 1194 2666 p.
1218 2622 1295 2654 191.
1315 2633 1379 2668 sqq.

339 2681 387 2724 (3)
410 2680 536 2723 Egregie
549 2680 631 2711 enim
653 2678 688 2711 E
700 2680 715 2711 ἶ
727 2678 790 2712 δώ
803 2704 812 2721 ,
834 2680 916 2724 quod
937 2692 993 2724 pro
1011 2679 1191 2712 Εἶδοθέα
1211 2679 1329 2711 dictum
1355 2681 1395 2712 sit
1407 2704 1416 2721 ,
1441 2683 1609 2714 restituisse

295 2736 492 2770 Matthiaeum
515 2737 549 2768 in
572 2737 676 2780 Eurip.
705 2737 819 2769 IIelen.
842 2748 883 2769 vs.
900 2739 939 2769 11
955 2760 965 2778 ‚
989 2737 1109 2768 monuit
1133 2736 1333 2769 Her-mannus.
1347 2737 1459 2770 —sic
1478 2739 1611 2785 Aeschy-

294 2795 346 2828 lus
377 2797 469 2828 etiam
484 2818 493 2835 ,
526 2801 601 2826 teste
636 2794 738 2826 Schol.
773 2796 868 2839 antiq.
910 2794 970 2837 (ed.
995 2794 1124 2837 Buttm.)
1147 2793 1186 2825 ad
1218 2795 1334 2836 Odys-e.
1359 2795 1404 2826 lv.
1432 2797 1512 2829 366.
1546 2798 1612 2830 καὶ

296 2850 481 2897 Αἶσχυλος
505 2848 549 2885 δὲ
575 2850 614 2885 ἐν
637 2849 787 2898 Πρωτεῖ·
808 2850 1007 2886 Εἷδοθέαν
1030 2848 1147 2894 αὐτὴν
1174 2849 1295 2885 καλεῖ.
